{"data": [{"tid": 399510511, "timestamp": 1739436931, "side": "SELL", "amount": "0.00052136", "price": "95902"}, {"tid": 399510488, "timestamp": 1739436921, "side": "SELL", "amount": "0.00016679", "price": "95928"}, {"tid": 399510487, "timestamp": 1739436921, "side": "SELL", "amount": "0.00090693", "price": "95928"}, {"tid": 399510486, "timestamp": 1739436921, "side": "SELL", "amount": "0.00067759", "price": "95928"}, {"tid": 399510481, "timestamp": 1739436917, "side": "SELL", "amount": "0.00044822", "price": "95933"}, {"tid": 399510480, "timestamp": 1739436917, "side": "SELL", "amount": "0.00090688", "price": "95933"}, {"tid": 399510467, "timestamp": 1739436910, "side": "BUY", "amount": "0.00135463", "price": "95960"}, {"tid": 399510466, "timestamp": 1739436910, "side": "SELL", "amount": "0.00016673", "price": "95961"}, {"tid": 399510465, "timestamp": 1739436910, "side": "SELL", "amount": "0.00090656", "price": "95967"}, {"tid": 399510463, "timestamp": 1739436909, "side": "BUY", "amount": "0.00023714", "price": "95980"}, {"tid": 399510439, "timestamp": 1739436895, "side": "SELL", "amount": "0.00439761", "price": "95961"}, {"tid": 399510438, "timestamp": 1739436895, "side": "SELL", "amount": "0.00026052", "price": "95961"}, {"tid": 399510437, "timestamp": 1739436895, "side": "SELL", "amount": "0.00090661", "price": "95961"}, {"tid": 399510435, "timestamp": 1739436893, "side": "SELL", "amount": "0.00016672", "price": "95966"}, {"tid": 399510434, "timestamp": 1739436893, "side": "SELL", "amount": "0.00045849", "price": "95966"}, {"tid": 399510433, "timestamp": 1739436893, "side": "SELL", "amount": "0.00088573", "price": "95966"}, {"tid": 399510432, "timestamp": 1739436893, "side": "SELL", "amount": "0.00564753", "price": "95971"}, {"tid": 399510431, "timestamp": 1739436893, "side": "SELL", "amount": "0.00016671", "price": "95971"}, {"tid": 399510430, "timestamp": 1739436893, "side": "SELL", "amount": "0.00017713", "price": "95971"}, {"tid": 399510248, "timestamp": 1739436851, "side": "BUY", "amount": "0.00391273", "price": "95939"}, {"tid": 399510211, "timestamp": 1739436826, "side": "SELL", "amount": "0.00022923", "price": "95971"}, {"tid": 399510210, "timestamp": 1739436826, "side": "SELL", "amount": "0.00181304", "price": "95971"}, {"tid": 399510164, "timestamp": 1739436796, "side": "SELL", "amount": "0.00016673", "price": "95962"}, {"tid": 399510163, "timestamp": 1739436796, "side": "SELL", "amount": "0.00090660", "price": "95962"}, {"tid": 399510161, "timestamp": 1739436795, "side": "SELL", "amount": "0.00017713", "price": "95971"}, {"tid": 399510160, "timestamp": 1739436795, "side": "SELL", "amount": "0.00082316", "price": "95971"}, {"tid": 399510157, "timestamp": 1739436795, "side": "SELL", "amount": "0.00091686", "price": "95979"}, {"tid": 399510156, "timestamp": 1739436795, "side": "SELL", "amount": "0.00031256", "price": "95979"}, {"tid": 399510038, "timestamp": 1739436762, "side": "BUY", "amount": "0.00069809", "price": "95972"}, {"tid": 399510034, "timestamp": 1739436758, "side": "BUY", "amount": "0.00090635", "price": "95989"}, {"tid": 399510033, "timestamp": 1739436757, "side": "SELL", "amount": "0.00578082", "price": "96007"}, {"tid": 399510032, "timestamp": 1739436757, "side": "SELL", "amount": "0.00011162", "price": "96012"}, {"tid": 399510031, "timestamp": 1739436757, "side": "SELL", "amount": "0.00166940", "price": "96012"}, {"tid": 399510030, "timestamp": 1739436757, "side": "SELL", "amount": "0.00003060", "price": "96013"}, {"tid": 399510029, "timestamp": 1739436757, "side": "SELL", "amount": "0.00087552", "price": "96013"}, {"tid": 399510028, "timestamp": 1739436757, "side": "SELL", "amount": "0.00090612", "price": "96013"}, {"tid": 399510027, "timestamp": 1739436757, "side": "SELL", "amount": "0.00090612", "price": "96013"}, {"tid": 399510026, "timestamp": 1739436757, "side": "SELL", "amount": "0.00090612", "price": "96013"}, {"tid": 399510025, "timestamp": 1739436757, "side": "SELL", "amount": "0.00090612", "price": "96013"}, {"tid": 399509957, "timestamp": 1739436732, "side": "SELL", "amount": "0.00152031", "price": "96033"}, {"tid": 399509956, "timestamp": 1739436732, "side": "SELL", "amount": "0.00289483", "price": "96033"}, {"tid": 399509944, "timestamp": 1739436730, "side": "BUY", "amount": "0.04550045", "price": "96035"}, {"tid": 399509943, "timestamp": 1739436730, "side": "BUY", "amount": "0.00063169", "price": "96013"}, {"tid": 399509942, "timestamp": 1739436730, "side": "BUY", "amount": "0.00122399", "price": "96013"}, {"tid": 399509941, "timestamp": 1739436730, "side": "BUY", "amount": "0.00016250", "price": "96013"}, {"tid": 399509934, "timestamp": 1739436723, "side": "BUY", "amount": "0.04571000", "price": "95987"}, {"tid": 399509923, "timestamp": 1739436714, "side": "BUY", "amount": "0.00329000", "price": "95987"}, {"tid": 399509847, "timestamp": 1739436680, "side": "SELL", "amount": "0.00033356", "price": "95933"}, {"tid": 399509846, "timestamp": 1739436680, "side": "SELL", "amount": "0.00503476", "price": "95933"}, {"tid": 399509845, "timestamp": 1739436680, "side": "SELL", "amount": "0.00272062", "price": "95934"}, {"tid": 399509844, "timestamp": 1739436680, "side": "SELL", "amount": "0.00504259", "price": "95934"}, {"tid": 399509843, "timestamp": 1739436680, "side": "SELL", "amount": "0.00135508", "price": "95935"}, {"tid": 399509842, "timestamp": 1739436680, "side": "SELL", "amount": "0.00015635", "price": "95937"}, {"tid": 399509835, "timestamp": 1739436678, "side": "SELL", "amount": "0.00090665", "price": "95957"}, {"tid": 399509705, "timestamp": 1739436646, "side": "BUY", "amount": "0.07400000", "price": "95902"}, {"tid": 399509622, "timestamp": 1739436627, "side": "SELL", "amount": "0.00249844", "price": "95886"}, {"tid": 399509611, "timestamp": 1739436625, "side": "BUY", "amount": "0.70558313", "price": "95887"}, {"tid": 399509598, "timestamp": 1739436621, "side": "BUY", "amount": "0.31100000", "price": "95851"}, {"tid": 399509576, "timestamp": 1739436609, "side": "BUY", "amount": "0.00381509", "price": "95809"}, {"tid": 399509572, "timestamp": 1739436608, "side": "SELL", "amount": "0.00136703", "price": "95828"}, {"tid": 399509571, "timestamp": 1739436608, "side": "SELL", "amount": "0.00022957", "price": "95828"}, {"tid": 399509525, "timestamp": 1739436576, "side": "SELL", "amount": "0.00028181", "price": "95809"}, {"tid": 399509524, "timestamp": 1739436576, "side": "SELL", "amount": "0.00056362", "price": "95808"}, {"tid": 399509523, "timestamp": 1739436575, "side": "BUY", "amount": "0.00050490", "price": "95811"}, {"tid": 399509471, "timestamp": 1739436550, "side": "SELL", "amount": "0.00117978", "price": "95780"}, {"tid": 399509451, "timestamp": 1739436545, "side": "SELL", "amount": "0.00016706", "price": "95773"}, {"tid": 399509450, "timestamp": 1739436545, "side": "SELL", "amount": "0.00041765", "price": "95773"}, {"tid": 399509449, "timestamp": 1739436545, "side": "SELL", "amount": "0.00028191", "price": "95773"}, {"tid": 399509433, "timestamp": 1739436542, "side": "SELL", "amount": "0.00082478", "price": "95783"}, {"tid": 399509426, "timestamp": 1739436534, "side": "SELL", "amount": "0.00512109", "price": "95778"}, {"tid": 399509423, "timestamp": 1739436534, "side": "SELL", "amount": "0.00016701", "price": "95799"}, {"tid": 399509422, "timestamp": 1739436534, "side": "SELL", "amount": "0.00120041", "price": "95800"}, {"tid": 399509416, "timestamp": 1739436532, "side": "SELL", "amount": "0.00090801", "price": "95813"}, {"tid": 399509394, "timestamp": 1739436528, "side": "BUY", "amount": "0.12709455", "price": "95825"}, {"tid": 399509393, "timestamp": 1739436528, "side": "BUY", "amount": "0.00512109", "price": "95820"}, {"tid": 399509392, "timestamp": 1739436528, "side": "BUY", "amount": "0.00512109", "price": "95815"}, {"tid": 399509391, "timestamp": 1739436528, "side": "BUY", "amount": "0.00512109", "price": "95810"}, {"tid": 399509390, "timestamp": 1739436528, "side": "BUY", "amount": "0.00512109", "price": "95805"}, {"tid": 399509389, "timestamp": 1739436528, "side": "BUY", "amount": "0.00512109", "price": "95800"}, {"tid": 399509364, "timestamp": 1739436525, "side": "BUY", "amount": "0.00158410", "price": "95764"}, {"tid": 399509326, "timestamp": 1739436524, "side": "BUY", "amount": "0.00510000", "price": "95756"}, {"tid": 399509318, "timestamp": 1739436523, "side": "BUY", "amount": "0.00116924", "price": "95778"}, {"tid": 399509315, "timestamp": 1739436523, "side": "SELL", "amount": "0.11555747", "price": "95754"}, {"tid": 399509314, "timestamp": 1739436523, "side": "SELL", "amount": "0.35414597", "price": "95765"}, {"tid": 399509275, "timestamp": 1739436523, "side": "BUY", "amount": "0.00022241", "price": "95792"}, {"tid": 399509272, "timestamp": 1739436523, "side": "SELL", "amount": "0.16335151", "price": "95765"}, {"tid": 399509271, "timestamp": 1739436523, "side": "SELL", "amount": "0.00200000", "price": "95772"}, {"tid": 399509270, "timestamp": 1739436523, "side": "SELL", "amount": "0.35220596", "price": "95777"}, {"tid": 399509269, "timestamp": 1739436523, "side": "SELL", "amount": "0.00021818", "price": "95777"}, {"tid": 399509268, "timestamp": 1739436523, "side": "SELL", "amount": "0.12187094", "price": "95777"}, {"tid": 399509267, "timestamp": 1739436523, "side": "SELL", "amount": "0.51778644", "price": "95788"}, {"tid": 399509261, "timestamp": 1739436523, "side": "SELL", "amount": "0.47414328", "price": "95800"}, {"tid": 399509260, "timestamp": 1739436523, "side": "SELL", "amount": "0.00260542", "price": "95800"}, {"tid": 399509201, "timestamp": 1739436522, "side": "SELL", "amount": "0.51716624", "price": "95811"}, {"tid": 399509189, "timestamp": 1739436522, "side": "SELL", "amount": "0.00200000", "price": "95822"}, {"tid": 399509188, "timestamp": 1739436522, "side": "SELL", "amount": "0.00022242", "price": "95823"}, {"tid": 399509187, "timestamp": 1739436522, "side": "SELL", "amount": "0.34849911", "price": "95823"}, {"tid": 399509182, "timestamp": 1739436518, "side": "SELL", "amount": "0.12549244", "price": "95823"}, {"tid": 399509181, "timestamp": 1739436518, "side": "SELL", "amount": "0.00022238", "price": "95823"}, {"tid": 399509180, "timestamp": 1739436518, "side": "SELL", "amount": "0.51700076", "price": "95834"}], "pagination": {"page": 1, "size": 100, "count": null}}