{"data": [{"tid": 399512908, "timestamp": 1739437918, "side": "BUY", "amount": "0.1500", "price": "3.530"}, {"tid": 399512907, "timestamp": 1739437918, "side": "BUY", "amount": "175.8500", "price": "3.529"}, {"tid": 399512903, "timestamp": 1739437913, "side": "BUY", "amount": "0.1500", "price": "3.530"}, {"tid": 399512902, "timestamp": 1739437913, "side": "BUY", "amount": "175.8500", "price": "3.529"}, {"tid": 399511718, "timestamp": 1739437423, "side": "SELL", "amount": "18.3052", "price": "3.514"}, {"tid": 399511717, "timestamp": 1739437423, "side": "SELL", "amount": "170.6948", "price": "3.515"}, {"tid": 399511707, "timestamp": 1739437413, "side": "BUY", "amount": "0.1500", "price": "3.521"}, {"tid": 399511706, "timestamp": 1739437413, "side": "BUY", "amount": "175.8500", "price": "3.520"}, {"tid": 399510917, "timestamp": 1739437123, "side": "SELL", "amount": "340.3101", "price": "3.491"}, {"tid": 399510916, "timestamp": 1739437123, "side": "SELL", "amount": "175.8500", "price": "3.491"}, {"tid": 399510746, "timestamp": 1739437024, "side": "SELL", "amount": "163.0221", "price": "3.496"}, {"tid": 399510745, "timestamp": 1739437024, "side": "SELL", "amount": "160.2304", "price": "3.496"}, {"tid": 399510718, "timestamp": 1739437016, "side": "BUY", "amount": "974.5222", "price": "3.490"}, {"tid": 399510717, "timestamp": 1739437016, "side": "BUY", "amount": "1046.4520", "price": "3.490"}, {"tid": 399510716, "timestamp": 1739437016, "side": "BUY", "amount": "1042.3626", "price": "3.490"}, {"tid": 399510713, "timestamp": 1739437016, "side": "BUY", "amount": "1044.5425", "price": "3.490"}, {"tid": 399510712, "timestamp": 1739437016, "side": "BUY", "amount": "1046.4520", "price": "3.490"}, {"tid": 399510711, "timestamp": 1739437016, "side": "BUY", "amount": "1027.5655", "price": "3.490"}, {"tid": 399510710, "timestamp": 1739437016, "side": "BUY", "amount": "1027.5655", "price": "3.490"}, {"tid": 399510709, "timestamp": 1739437016, "side": "BUY", "amount": "1104.6425", "price": "3.490"}, {"tid": 399510708, "timestamp": 1739437016, "side": "BUY", "amount": "1130.2185", "price": "3.490"}, {"tid": 399510707, "timestamp": 1739437016, "side": "BUY", "amount": "1163.5966", "price": "3.490"}, {"tid": 399510706, "timestamp": 1739437016, "side": "BUY", "amount": "1177.9144", "price": "3.490"}, {"tid": 399510705, "timestamp": 1739437016, "side": "BUY", "amount": "1208.9188", "price": "3.490"}, {"tid": 399510704, "timestamp": 1739437016, "side": "BUY", "amount": "1177.9140", "price": "3.490"}, {"tid": 399510703, "timestamp": 1739437016, "side": "BUY", "amount": "1208.9188", "price": "3.490"}, {"tid": 399510702, "timestamp": 1739437016, "side": "BUY", "amount": "1208.9188", "price": "3.490"}, {"tid": 399510701, "timestamp": 1739437016, "side": "BUY", "amount": "1229.1722", "price": "3.490"}, {"tid": 399510700, "timestamp": 1739437016, "side": "BUY", "amount": "1229.1722", "price": "3.490"}, {"tid": 399510698, "timestamp": 1739437016, "side": "BUY", "amount": "1229.1722", "price": "3.490"}, {"tid": 399510697, "timestamp": 1739437016, "side": "BUY", "amount": "1229.1722", "price": "3.490"}, {"tid": 399510696, "timestamp": 1739437016, "side": "BUY", "amount": "1229.1722", "price": "3.490"}, {"tid": 399510695, "timestamp": 1739437016, "side": "BUY", "amount": "1229.1722", "price": "3.490"}, {"tid": 399510694, "timestamp": 1739437015, "side": "BUY", "amount": "1225.8861", "price": "3.490"}, {"tid": 399510693, "timestamp": 1739437015, "side": "BUY", "amount": "1225.8861", "price": "3.490"}, {"tid": 399510692, "timestamp": 1739437015, "side": "BUY", "amount": "1225.8861", "price": "3.490"}, {"tid": 399510691, "timestamp": 1739437015, "side": "BUY", "amount": "1225.8861", "price": "3.490"}, {"tid": 399510690, "timestamp": 1739437015, "side": "BUY", "amount": "1225.8861", "price": "3.490"}, {"tid": 399510689, "timestamp": 1739437015, "side": "BUY", "amount": "1225.8861", "price": "3.490"}, {"tid": 399510688, "timestamp": 1739437015, "side": "BUY", "amount": "1225.8861", "price": "3.490"}, {"tid": 399510687, "timestamp": 1739437015, "side": "BUY", "amount": "1225.8861", "price": "3.490"}, {"tid": 399510407, "timestamp": 1739436880, "side": "BUY", "amount": "85.1570", "price": "3.490"}, {"tid": 399510401, "timestamp": 1739436876, "side": "BUY", "amount": "85.0767", "price": "3.490"}, {"tid": 399510399, "timestamp": 1739436875, "side": "BUY", "amount": "256.8488", "price": "3.490"}, {"tid": 399510395, "timestamp": 1739436875, "side": "BUY", "amount": "85.0741", "price": "3.490"}, {"tid": 399510390, "timestamp": 1739436874, "side": "BUY", "amount": "2061.7153", "price": "3.490"}, {"tid": 399510388, "timestamp": 1739436873, "side": "BUY", "amount": "85.1791", "price": "3.490"}, {"tid": 399510384, "timestamp": 1739436873, "side": "BUY", "amount": "284.9751", "price": "3.490"}, {"tid": 399510383, "timestamp": 1739436873, "side": "BUY", "amount": "648.0599", "price": "3.490"}, {"tid": 399510382, "timestamp": 1739436873, "side": "BUY", "amount": "18.4827", "price": "3.490"}, {"tid": 399510378, "timestamp": 1739436873, "side": "BUY", "amount": "1084.2829", "price": "3.490"}, {"tid": 399510376, "timestamp": 1739436873, "side": "BUY", "amount": "4000.0000", "price": "3.490"}, {"tid": 399510375, "timestamp": 1739436873, "side": "BUY", "amount": "85.1390", "price": "3.490"}, {"tid": 399510372, "timestamp": 1739436873, "side": "BUY", "amount": "2858.8751", "price": "3.490"}, {"tid": 399510371, "timestamp": 1739436873, "side": "BUY", "amount": "72.3061", "price": "3.490"}, {"tid": 399510370, "timestamp": 1739436873, "side": "BUY", "amount": "4531.9600", "price": "3.490"}, {"tid": 399510369, "timestamp": 1739436871, "side": "BUY", "amount": "256.8488", "price": "3.490"}, {"tid": 399510368, "timestamp": 1739436871, "side": "BUY", "amount": "85.1644", "price": "3.490"}, {"tid": 399510364, "timestamp": 1739436870, "side": "BUY", "amount": "85.1644", "price": "3.490"}, {"tid": 399510360, "timestamp": 1739436870, "side": "BUY", "amount": "85.1390", "price": "3.490"}, {"tid": 399510356, "timestamp": 1739436869, "side": "BUY", "amount": "85.1390", "price": "3.490"}, {"tid": 399510353, "timestamp": 1739436869, "side": "BUY", "amount": "85.1636", "price": "3.490"}, {"tid": 399510350, "timestamp": 1739436869, "side": "BUY", "amount": "266.7280", "price": "3.490"}, {"tid": 399510347, "timestamp": 1739436868, "side": "BUY", "amount": "85.1636", "price": "3.490"}, {"tid": 399510341, "timestamp": 1739436868, "side": "BUY", "amount": "212.9899", "price": "3.490"}, {"tid": 399510339, "timestamp": 1739436867, "side": "BUY", "amount": "1676.6596", "price": "3.490"}, {"tid": 399510338, "timestamp": 1739436867, "side": "BUY", "amount": "72.2440", "price": "3.490"}, {"tid": 399510337, "timestamp": 1739436867, "side": "BUY", "amount": "4000.0000", "price": "3.490"}, {"tid": 399510336, "timestamp": 1739436867, "side": "BUY", "amount": "4534.0800", "price": "3.490"}, {"tid": 399510335, "timestamp": 1739436866, "side": "BUY", "amount": "72.3061", "price": "3.490"}, {"tid": 399510333, "timestamp": 1739436865, "side": "BUY", "amount": "72.3269", "price": "3.490"}, {"tid": 399510332, "timestamp": 1739436865, "side": "BUY", "amount": "256.8488", "price": "3.490"}, {"tid": 399510329, "timestamp": 1739436861, "side": "BUY", "amount": "85.1390", "price": "3.490"}, {"tid": 399510317, "timestamp": 1739436860, "side": "BUY", "amount": "85.1390", "price": "3.490"}, {"tid": 399510310, "timestamp": 1739436859, "side": "BUY", "amount": "814.5303", "price": "3.490"}, {"tid": 399510309, "timestamp": 1739436859, "side": "BUY", "amount": "814.5303", "price": "3.490"}, {"tid": 399510308, "timestamp": 1739436859, "side": "BUY", "amount": "814.5303", "price": "3.490"}, {"tid": 399510307, "timestamp": 1739436859, "side": "BUY", "amount": "814.5303", "price": "3.490"}, {"tid": 399510306, "timestamp": 1739436859, "side": "BUY", "amount": "814.5303", "price": "3.490"}, {"tid": 399510305, "timestamp": 1739436859, "side": "BUY", "amount": "810.6004", "price": "3.490"}, {"tid": 399510304, "timestamp": 1739436859, "side": "BUY", "amount": "810.6004", "price": "3.490"}, {"tid": 399510302, "timestamp": 1739436859, "side": "BUY", "amount": "810.6004", "price": "3.490"}, {"tid": 399510301, "timestamp": 1739436859, "side": "BUY", "amount": "810.6004", "price": "3.490"}, {"tid": 399510300, "timestamp": 1739436859, "side": "BUY", "amount": "797.4388", "price": "3.490"}, {"tid": 399510298, "timestamp": 1739436859, "side": "BUY", "amount": "797.4388", "price": "3.490"}, {"tid": 399510297, "timestamp": 1739436859, "side": "BUY", "amount": "797.4388", "price": "3.490"}, {"tid": 399510295, "timestamp": 1739436859, "side": "BUY", "amount": "797.4388", "price": "3.490"}, {"tid": 399510294, "timestamp": 1739436859, "side": "BUY", "amount": "780.3446", "price": "3.490"}, {"tid": 399510293, "timestamp": 1739436859, "side": "BUY", "amount": "780.3446", "price": "3.490"}, {"tid": 399510292, "timestamp": 1739436859, "side": "BUY", "amount": "775.5798", "price": "3.490"}, {"tid": 399510291, "timestamp": 1739436859, "side": "BUY", "amount": "775.5798", "price": "3.490"}, {"tid": 399510290, "timestamp": 1739436859, "side": "BUY", "amount": "781.1062", "price": "3.490"}, {"tid": 399510289, "timestamp": 1739436859, "side": "BUY", "amount": "781.1062", "price": "3.490"}, {"tid": 399510288, "timestamp": 1739436859, "side": "BUY", "amount": "781.1605", "price": "3.490"}, {"tid": 399510287, "timestamp": 1739436859, "side": "BUY", "amount": "857.7475", "price": "3.490"}, {"tid": 399510286, "timestamp": 1739436858, "side": "BUY", "amount": "861.3948", "price": "3.490"}, {"tid": 399510285, "timestamp": 1739436858, "side": "BUY", "amount": "865.7723", "price": "3.490"}, {"tid": 399510284, "timestamp": 1739436858, "side": "BUY", "amount": "870.2856", "price": "3.490"}, {"tid": 399510283, "timestamp": 1739436858, "side": "BUY", "amount": "870.2856", "price": "3.490"}, {"tid": 399510282, "timestamp": 1739436858, "side": "BUY", "amount": "954.7875", "price": "3.490"}], "pagination": {"page": 1, "size": 100, "count": null}}