{"data": [{"tid": 399416180, "timestamp": 1739402106, "side": "SELL", "amount": "8000.00000000", "price": "0.02434"}, {"tid": 399395396, "timestamp": 1739396062, "side": "SELL", "amount": "4116.00000000", "price": "0.02374"}, {"tid": 399351553, "timestamp": 1739380613, "side": "SELL", "amount": "228889.00000000", "price": "0.02322"}, {"tid": 399328161, "timestamp": 1739374745, "side": "BUY", "amount": "1000.00000000", "price": "0.02271"}, {"tid": 399328159, "timestamp": 1739374744, "side": "BUY", "amount": "1000.00000000", "price": "0.02271"}, {"tid": 399328155, "timestamp": 1739374743, "side": "BUY", "amount": "1000.00000000", "price": "0.02271"}, {"tid": 399328153, "timestamp": 1739374742, "side": "BUY", "amount": "1000.00000000", "price": "0.02271"}, {"tid": 399328150, "timestamp": 1739374741, "side": "BUY", "amount": "229.71585074", "price": "0.02271"}, {"tid": 399328149, "timestamp": 1739374741, "side": "BUY", "amount": "770.28414926", "price": "0.02271"}, {"tid": 399316472, "timestamp": 1739371310, "side": "BUY", "amount": "1000.00000000", "price": "0.02220"}, {"tid": 399315588, "timestamp": 1739371060, "side": "BUY", "amount": "1000.00000000", "price": "0.02221"}, {"tid": 399301912, "timestamp": 1739367738, "side": "SELL", "amount": "21307.26545688", "price": "0.02175"}, {"tid": 399290809, "timestamp": 1739366779, "side": "BUY", "amount": "1000.00000000", "price": "0.02321"}, {"tid": 399290802, "timestamp": 1739366778, "side": "BUY", "amount": "1000.00000000", "price": "0.02321"}, {"tid": 399277058, "timestamp": 1739360123, "side": "BUY", "amount": "75894.68782530", "price": "0.02267"}, {"tid": 399277057, "timestamp": 1739360123, "side": "BUY", "amount": "26405.31217470", "price": "0.02266"}, {"tid": 399274207, "timestamp": 1739358943, "side": "SELL", "amount": "80860.29180412", "price": "0.02251"}, {"tid": 399274206, "timestamp": 1739358943, "side": "SELL", "amount": "10149.70819588", "price": "0.02252"}, {"tid": 399271955, "timestamp": 1739358123, "side": "BUY", "amount": "54688.00000000", "price": "0.02268"}, {"tid": 399265447, "timestamp": 1739355627, "side": "BUY", "amount": "6819.75736568", "price": "0.02263"}, {"tid": 399264998, "timestamp": 1739355422, "side": "SELL", "amount": "7131.99000000", "price": "0.02249"}, {"tid": 399264297, "timestamp": 1739355102, "side": "BUY", "amount": "5916.95352839", "price": "0.02281"}, {"tid": 399258171, "timestamp": 1739352681, "side": "SELL", "amount": "64932.60315369", "price": "0.02250"}, {"tid": 399258128, "timestamp": 1739352667, "side": "SELL", "amount": "24463.07797592", "price": "0.02250"}, {"tid": 399258104, "timestamp": 1739352659, "side": "SELL", "amount": "244630.77975927", "price": "0.02250"}], "pagination": {"page": 1, "size": 100, "count": null}}