{"data": [{"tid": 399510241, "timestamp": 1739436850, "side": "BUY", "amount": "1651.218", "price": "0.3043"}, {"tid": 399510240, "timestamp": 1739436850, "side": "BUY", "amount": "1111.119", "price": "0.3041"}, {"tid": 399502476, "timestamp": 1739434149, "side": "SELL", "amount": "150.000", "price": "0.3097"}, {"tid": 399490378, "timestamp": 1739429417, "side": "SELL", "amount": "410.885", "price": "0.3064"}, {"tid": 399485267, "timestamp": 1739427740, "side": "BUY", "amount": "298.273", "price": "0.3170"}, {"tid": 399485266, "timestamp": 1739427740, "side": "BUY", "amount": "462.088", "price": "0.3170"}, {"tid": 399485265, "timestamp": 1739427740, "side": "BUY", "amount": "939.206", "price": "0.3170"}, {"tid": 399485264, "timestamp": 1739427740, "side": "BUY", "amount": "1880.622", "price": "0.3170"}, {"tid": 399485263, "timestamp": 1739427740, "side": "BUY", "amount": "5431.565", "price": "0.3170"}, {"tid": 399485262, "timestamp": 1739427738, "side": "BUY", "amount": "5426.608", "price": "0.3170"}, {"tid": 399485261, "timestamp": 1739427738, "side": "BUY", "amount": "1880.622", "price": "0.3170"}, {"tid": 399485260, "timestamp": 1739427738, "side": "BUY", "amount": "939.206", "price": "0.3170"}, {"tid": 399485259, "timestamp": 1739427738, "side": "BUY", "amount": "461.924", "price": "0.3170"}, {"tid": 399485258, "timestamp": 1739427737, "side": "BUY", "amount": "469.091", "price": "0.3170"}, {"tid": 399485257, "timestamp": 1739427737, "side": "BUY", "amount": "1880.622", "price": "0.3170"}, {"tid": 399485256, "timestamp": 1739427737, "side": "BUY", "amount": "939.206", "price": "0.3170"}, {"tid": 399485255, "timestamp": 1739427737, "side": "BUY", "amount": "5268.800", "price": "0.3170"}, {"tid": 399485254, "timestamp": 1739427736, "side": "BUY", "amount": "1880.622", "price": "0.3170"}, {"tid": 399485253, "timestamp": 1739427736, "side": "BUY", "amount": "468.571", "price": "0.3170"}, {"tid": 399485252, "timestamp": 1739427736, "side": "BUY", "amount": "933.047", "price": "0.3170"}, {"tid": 399485251, "timestamp": 1739427736, "side": "BUY", "amount": "3978.638", "price": "0.3170"}, {"tid": 399485250, "timestamp": 1739427735, "side": "BUY", "amount": "466.163", "price": "0.3170"}, {"tid": 399485249, "timestamp": 1739427735, "side": "BUY", "amount": "2942.316", "price": "0.3170"}, {"tid": 399485245, "timestamp": 1739427734, "side": "BUY", "amount": "465.513", "price": "0.3170"}, {"tid": 399485242, "timestamp": 1739427733, "side": "BUY", "amount": "2785.499", "price": "0.3170"}, {"tid": 399485238, "timestamp": 1739427733, "side": "BUY", "amount": "463.445", "price": "0.3170"}, {"tid": 399485237, "timestamp": 1739427732, "side": "BUY", "amount": "460.102", "price": "0.3170"}, {"tid": 399485235, "timestamp": 1739427732, "side": "BUY", "amount": "2708.389", "price": "0.3170"}, {"tid": 399485229, "timestamp": 1739427731, "side": "BUY", "amount": "3020.594", "price": "0.3170"}, {"tid": 399485228, "timestamp": 1739427731, "side": "SELL", "amount": "1818.231", "price": "0.3171"}, {"tid": 399484486, "timestamp": 1739427370, "side": "SELL", "amount": "69.300", "price": "0.3117"}, {"tid": 399483462, "timestamp": 1739426946, "side": "BUY", "amount": "473.285", "price": "0.3115"}, {"tid": 399483459, "timestamp": 1739426946, "side": "BUY", "amount": "1877.071", "price": "0.3115"}, {"tid": 399483456, "timestamp": 1739426945, "side": "BUY", "amount": "2147.151", "price": "0.3115"}, {"tid": 399483413, "timestamp": 1739426937, "side": "BUY", "amount": "2456.315", "price": "0.3115"}, {"tid": 399483412, "timestamp": 1739426937, "side": "BUY", "amount": "481.202", "price": "0.3115"}, {"tid": 399483411, "timestamp": 1739426936, "side": "BUY", "amount": "1792.253", "price": "0.3115"}, {"tid": 399483400, "timestamp": 1739426932, "side": "BUY", "amount": "1987.701", "price": "0.3115"}, {"tid": 399483399, "timestamp": 1739426931, "side": "BUY", "amount": "478.816", "price": "0.3115"}, {"tid": 399483389, "timestamp": 1739426925, "side": "BUY", "amount": "489.923", "price": "0.3115"}, {"tid": 399483388, "timestamp": 1739426925, "side": "SELL", "amount": "489.944", "price": "0.3115"}, {"tid": 399482854, "timestamp": 1739426651, "side": "BUY", "amount": "39.909", "price": "0.3187"}, {"tid": 399482703, "timestamp": 1739426557, "side": "BUY", "amount": "127.117", "price": "0.3180"}, {"tid": 399482562, "timestamp": 1739426495, "side": "BUY", "amount": "396.365", "price": "0.3182"}, {"tid": 399476422, "timestamp": 1739423088, "side": "SELL", "amount": "381.388", "price": "0.3099"}, {"tid": 399473703, "timestamp": 1739421686, "side": "SELL", "amount": "1591.820", "price": "0.3124"}, {"tid": 399433369, "timestamp": 1739410460, "side": "BUY", "amount": "245.000", "price": "0.3190"}, {"tid": 399403259, "timestamp": 1739398771, "side": "BUY", "amount": "263.044", "price": "0.2891"}, {"tid": 399403258, "timestamp": 1739398771, "side": "BUY", "amount": "736.519", "price": "0.2891"}, {"tid": 399396293, "timestamp": 1739396359, "side": "BUY", "amount": "100.711", "price": "0.2721"}, {"tid": 399392592, "timestamp": 1739394840, "side": "SELL", "amount": "622.454", "price": "0.2714"}, {"tid": 399392591, "timestamp": 1739394840, "side": "SELL", "amount": "732.770", "price": "0.2715"}, {"tid": 399343938, "timestamp": 1739379382, "side": "SELL", "amount": "483.034", "price": "0.2500"}, {"tid": 399343937, "timestamp": 1739379382, "side": "SELL", "amount": "577.886", "price": "0.2500"}, {"tid": 399343934, "timestamp": 1739379381, "side": "SELL", "amount": "4122.917", "price": "0.2500"}, {"tid": 399343933, "timestamp": 1739379381, "side": "SELL", "amount": "3658.696", "price": "0.2500"}, {"tid": 399343932, "timestamp": 1739379381, "side": "SELL", "amount": "575.878", "price": "0.2500"}, {"tid": 399343928, "timestamp": 1739379380, "side": "SELL", "amount": "5339.733", "price": "0.2500"}, {"tid": 399343926, "timestamp": 1739379380, "side": "SELL", "amount": "3658.696", "price": "0.2500"}, {"tid": 399343925, "timestamp": 1739379380, "side": "SELL", "amount": "574.198", "price": "0.2500"}, {"tid": 399343920, "timestamp": 1739379380, "side": "SELL", "amount": "2805.813", "price": "0.2500"}, {"tid": 399343919, "timestamp": 1739379379, "side": "SELL", "amount": "3117.901", "price": "0.2500"}, {"tid": 399343918, "timestamp": 1739379379, "side": "SELL", "amount": "2748.274", "price": "0.2500"}, {"tid": 399343917, "timestamp": 1739379379, "side": "SELL", "amount": "3435.890", "price": "0.2500"}, {"tid": 399343916, "timestamp": 1739379379, "side": "SELL", "amount": "573.748", "price": "0.2500"}, {"tid": 399343915, "timestamp": 1739379379, "side": "SELL", "amount": "1145.908", "price": "0.2500"}, {"tid": 399343914, "timestamp": 1739379379, "side": "SELL", "amount": "7356.554", "price": "0.2500"}, {"tid": 399343910, "timestamp": 1739379378, "side": "SELL", "amount": "7505.604", "price": "0.2500"}, {"tid": 399343906, "timestamp": 1739379378, "side": "BUY", "amount": "3658.696", "price": "0.2500"}, {"tid": 399343905, "timestamp": 1739379378, "side": "BUY", "amount": "3435.890", "price": "0.2499"}, {"tid": 399343904, "timestamp": 1739379378, "side": "BUY", "amount": "2405.026", "price": "0.2497"}, {"tid": 399343903, "timestamp": 1739379378, "side": "BUY", "amount": "2440.152", "price": "0.2495"}, {"tid": 399343902, "timestamp": 1739379378, "side": "BUY", "amount": "1147.818", "price": "0.2494"}, {"tid": 399343901, "timestamp": 1739379378, "side": "BUY", "amount": "574.312", "price": "0.2492"}, {"tid": 399329442, "timestamp": 1739375095, "side": "BUY", "amount": "417.857", "price": "0.2386"}, {"tid": 399315861, "timestamp": 1739371133, "side": "SELL", "amount": "180.590", "price": "0.2383"}, {"tid": 399312909, "timestamp": 1739370566, "side": "BUY", "amount": "564.718", "price": "0.2385"}, {"tid": 399312908, "timestamp": 1739370566, "side": "BUY", "amount": "333.791", "price": "0.2384"}, {"tid": 399296246, "timestamp": 1739367152, "side": "SELL", "amount": "104.166", "price": "0.2400"}, {"tid": 399293645, "timestamp": 1739367028, "side": "SELL", "amount": "321.694", "price": "0.2506"}, {"tid": 399290240, "timestamp": 1739366585, "side": "BUY", "amount": "557.539", "price": "0.2600"}, {"tid": 399290226, "timestamp": 1739366584, "side": "BUY", "amount": "506.461", "price": "0.2600"}], "pagination": {"page": 1, "size": 100, "count": null}}