{"data": [{"tid": 399513169, "timestamp": 1739438019, "side": "BUY", "amount": "26.0835", "price": "16.51"}, {"tid": 399512776, "timestamp": 1739437883, "side": "BUY", "amount": "16.6515", "price": "16.45"}, {"tid": 399512725, "timestamp": 1739437862, "side": "SELL", "amount": "19.3175", "price": "16.50"}, {"tid": 399512724, "timestamp": 1739437862, "side": "SELL", "amount": "12.9386", "price": "16.50"}, {"tid": 399512723, "timestamp": 1739437862, "side": "SELL", "amount": "115.2891", "price": "16.50"}, {"tid": 399512722, "timestamp": 1739437861, "side": "SELL", "amount": "63.9844", "price": "16.50"}, {"tid": 399512720, "timestamp": 1739437861, "side": "SELL", "amount": "11.4962", "price": "16.50"}, {"tid": 399512715, "timestamp": 1739437860, "side": "SELL", "amount": "5.8590", "price": "16.50"}, {"tid": 399512714, "timestamp": 1739437860, "side": "SELL", "amount": "229.9240", "price": "16.50"}, {"tid": 399512713, "timestamp": 1739437860, "side": "SELL", "amount": "64.0084", "price": "16.50"}, {"tid": 399512712, "timestamp": 1739437860, "side": "SELL", "amount": "4.2748", "price": "16.50"}, {"tid": 399512710, "timestamp": 1739437860, "side": "SELL", "amount": "230.0000", "price": "16.50"}, {"tid": 399512709, "timestamp": 1739437860, "side": "SELL", "amount": "503.4337", "price": "16.50"}, {"tid": 399512708, "timestamp": 1739437860, "side": "SELL", "amount": "494.5786", "price": "16.50"}, {"tid": 399512707, "timestamp": 1739437860, "side": "SELL", "amount": "230.0000", "price": "16.50"}, {"tid": 399512706, "timestamp": 1739437860, "side": "SELL", "amount": "280.0000", "price": "16.50"}, {"tid": 399512705, "timestamp": 1739437860, "side": "SELL", "amount": "144.0966", "price": "16.50"}, {"tid": 399512704, "timestamp": 1739437860, "side": "SELL", "amount": "28.8122", "price": "16.50"}, {"tid": 399512703, "timestamp": 1739437860, "side": "SELL", "amount": "189.5055", "price": "16.50"}, {"tid": 399512699, "timestamp": 1739437860, "side": "SELL", "amount": "188.8681", "price": "16.50"}, {"tid": 399512698, "timestamp": 1739437860, "side": "SELL", "amount": "0.0505", "price": "16.51"}, {"tid": 399512690, "timestamp": 1739437857, "side": "SELL", "amount": "4.9977", "price": "16.51"}, {"tid": 399512304, "timestamp": 1739437689, "side": "SELL", "amount": "25.6658", "price": "16.54"}, {"tid": 399512083, "timestamp": 1739437557, "side": "BUY", "amount": "26.4012", "price": "16.62"}, {"tid": 399512054, "timestamp": 1739437540, "side": "SELL", "amount": "0.1714", "price": "16.66"}, {"tid": 399512051, "timestamp": 1739437538, "side": "SELL", "amount": "16.9634", "price": "16.66"}, {"tid": 399512038, "timestamp": 1739437533, "side": "BUY", "amount": "1.2805", "price": "16.72"}, {"tid": 399512037, "timestamp": 1739437533, "side": "BUY", "amount": "37.0820", "price": "16.72"}, {"tid": 399512016, "timestamp": 1739437524, "side": "BUY", "amount": "28.1464", "price": "16.66"}, {"tid": 399512003, "timestamp": 1739437522, "side": "BUY", "amount": "28.0304", "price": "16.60"}, {"tid": 399511991, "timestamp": 1739437519, "side": "BUY", "amount": "30.6112", "price": "16.54"}, {"tid": 399511965, "timestamp": 1739437512, "side": "BUY", "amount": "27.8823", "price": "16.49"}, {"tid": 399511961, "timestamp": 1739437511, "side": "BUY", "amount": "27.5757", "price": "16.44"}, {"tid": 399511274, "timestamp": 1739437246, "side": "SELL", "amount": "29.5397", "price": "16.25"}, {"tid": 399509841, "timestamp": 1739436680, "side": "BUY", "amount": "26.5267", "price": "16.23"}, {"tid": 399507904, "timestamp": 1739436172, "side": "BUY", "amount": "0.5654", "price": "16.25"}, {"tid": 399507838, "timestamp": 1739436149, "side": "SELL", "amount": "0.3143", "price": "16.21"}, {"tid": 399507657, "timestamp": 1739436112, "side": "BUY", "amount": "2.3899", "price": "16.30"}, {"tid": 399507641, "timestamp": 1739436103, "side": "BUY", "amount": "22.7846", "price": "16.31"}, {"tid": 399507554, "timestamp": 1739436070, "side": "SELL", "amount": "2.8557", "price": "16.39"}, {"tid": 399507553, "timestamp": 1739436070, "side": "SELL", "amount": "26.1464", "price": "16.40"}, {"tid": 399505400, "timestamp": 1739435199, "side": "SELL", "amount": "6.1804", "price": "16.22"}, {"tid": 399503949, "timestamp": 1739434613, "side": "BUY", "amount": "1.4854", "price": "16.22"}, {"tid": 399503702, "timestamp": 1739434560, "side": "SELL", "amount": "26.1789", "price": "16.15"}, {"tid": 399503200, "timestamp": 1739434391, "side": "BUY", "amount": "29.5849", "price": "16.22"}, {"tid": 399503198, "timestamp": 1739434391, "side": "BUY", "amount": "63.7476", "price": "16.20"}, {"tid": 399503197, "timestamp": 1739434391, "side": "BUY", "amount": "10.9812", "price": "16.20"}, {"tid": 399503196, "timestamp": 1739434391, "side": "BUY", "amount": "148.0713", "price": "16.20"}, {"tid": 399503194, "timestamp": 1739434391, "side": "BUY", "amount": "26.4434", "price": "16.15"}, {"tid": 399503050, "timestamp": 1739434352, "side": "SELL", "amount": "26.3357", "price": "16.11"}, {"tid": 399501006, "timestamp": 1739433550, "side": "BUY", "amount": "17.6569", "price": "16.11"}, {"tid": 399500873, "timestamp": 1739433457, "side": "SELL", "amount": "1.4047", "price": "16.08"}, {"tid": 399500383, "timestamp": 1739433232, "side": "SELL", "amount": "1.5663", "price": "16.15"}, {"tid": 399499715, "timestamp": 1739432854, "side": "BUY", "amount": "170.0000", "price": "16.35"}, {"tid": 399496067, "timestamp": 1739431261, "side": "SELL", "amount": "70.4320", "price": "16.18"}, {"tid": 399495737, "timestamp": 1739431123, "side": "BUY", "amount": "159.9995", "price": "16.26"}, {"tid": 399495703, "timestamp": 1739431106, "side": "SELL", "amount": "147.1271", "price": "16.28"}, {"tid": 399495700, "timestamp": 1739431106, "side": "SELL", "amount": "29.3923", "price": "16.30"}, {"tid": 399495699, "timestamp": 1739431106, "side": "SELL", "amount": "1.6939", "price": "16.31"}, {"tid": 399495697, "timestamp": 1739431106, "side": "SELL", "amount": "138.3061", "price": "16.31"}, {"tid": 399495696, "timestamp": 1739431106, "side": "SELL", "amount": "29.3817", "price": "16.31"}, {"tid": 399495695, "timestamp": 1739431106, "side": "SELL", "amount": "29.3498", "price": "16.32"}, {"tid": 399495628, "timestamp": 1739431077, "side": "SELL", "amount": "29.1255", "price": "16.45"}, {"tid": 399495384, "timestamp": 1739430972, "side": "SELL", "amount": "25.9879", "price": "16.47"}, {"tid": 399492004, "timestamp": 1739429963, "side": "SELL", "amount": "25.0609", "price": "16.91"}, {"tid": 399490921, "timestamp": 1739429550, "side": "BUY", "amount": "2.4508", "price": "16.53"}, {"tid": 399490485, "timestamp": 1739429456, "side": "SELL", "amount": "3.2866", "price": "16.46"}, {"tid": 399489764, "timestamp": 1739429243, "side": "SELL", "amount": "160.0000", "price": "16.45"}, {"tid": 399489762, "timestamp": 1739429243, "side": "SELL", "amount": "28.8137", "price": "16.46"}, {"tid": 399488981, "timestamp": 1739429089, "side": "SELL", "amount": "1.0000", "price": "16.60"}, {"tid": 399488727, "timestamp": 1739428980, "side": "SELL", "amount": "22.4996", "price": "16.48"}, {"tid": 399488689, "timestamp": 1739428965, "side": "BUY", "amount": "35.4971", "price": "16.44"}, {"tid": 399488686, "timestamp": 1739428963, "side": "BUY", "amount": "22.9579", "price": "16.43"}, {"tid": 399488620, "timestamp": 1739428944, "side": "BUY", "amount": "130.0000", "price": "16.42"}, {"tid": 399488613, "timestamp": 1739428944, "side": "BUY", "amount": "120.0000", "price": "16.41"}, {"tid": 399488213, "timestamp": 1739428764, "side": "BUY", "amount": "19.5835", "price": "16.32"}, {"tid": 399488113, "timestamp": 1739428735, "side": "SELL", "amount": "4.1777", "price": "16.27"}, {"tid": 399488112, "timestamp": 1739428735, "side": "SELL", "amount": "145.8223", "price": "16.27"}, {"tid": 399488011, "timestamp": 1739428715, "side": "BUY", "amount": "120.0000", "price": "16.29"}, {"tid": 399488010, "timestamp": 1739428715, "side": "BUY", "amount": "22.5805", "price": "16.28"}, {"tid": 399487910, "timestamp": 1739428696, "side": "BUY", "amount": "17.9562", "price": "16.29"}, {"tid": 399487876, "timestamp": 1739428683, "side": "SELL", "amount": "145.9925", "price": "16.23"}, {"tid": 399487875, "timestamp": 1739428683, "side": "SELL", "amount": "0.2307", "price": "16.24"}, {"tid": 399487874, "timestamp": 1739428683, "side": "SELL", "amount": "22.8299", "price": "16.24"}, {"tid": 399487822, "timestamp": 1739428669, "side": "SELL", "amount": "6.4248", "price": "16.25"}, {"tid": 399487821, "timestamp": 1739428669, "side": "SELL", "amount": "140.0000", "price": "16.26"}, {"tid": 399487819, "timestamp": 1739428669, "side": "SELL", "amount": "23.0039", "price": "16.28"}, {"tid": 399487808, "timestamp": 1739428662, "side": "SELL", "amount": "110.0000", "price": "16.32"}, {"tid": 399487753, "timestamp": 1739428636, "side": "SELL", "amount": "6.0330", "price": "16.35"}, {"tid": 399487561, "timestamp": 1739428572, "side": "SELL", "amount": "22.9898", "price": "16.29"}, {"tid": 399487529, "timestamp": 1739428559, "side": "BUY", "amount": "120.0000", "price": "16.24"}, {"tid": 399487520, "timestamp": 1739428559, "side": "BUY", "amount": "160.0000", "price": "16.20"}, {"tid": 399487519, "timestamp": 1739428559, "side": "BUY", "amount": "22.5805", "price": "16.19"}, {"tid": 399487430, "timestamp": 1739428526, "side": "BUY", "amount": "22.5805", "price": "16.25"}, {"tid": 399487412, "timestamp": 1739428517, "side": "BUY", "amount": "22.5805", "price": "16.17"}, {"tid": 399487402, "timestamp": 1739428513, "side": "SELL", "amount": "17.6979", "price": "16.15"}, {"tid": 399487401, "timestamp": 1739428513, "side": "SELL", "amount": "10.2039", "price": "16.16"}, {"tid": 399487383, "timestamp": 1739428509, "side": "SELL", "amount": "23.0890", "price": "16.22"}, {"tid": 399487290, "timestamp": 1739428491, "side": "SELL", "amount": "14.8810", "price": "16.20"}, {"tid": 399487289, "timestamp": 1739428491, "side": "SELL", "amount": "7.6032", "price": "16.20"}], "pagination": {"page": 1, "size": 100, "count": null}}