{"data": [{"tid": 399503926, "timestamp": 1739434597, "side": "SELL", "amount": "1927305", "price": "0.00009360"}, {"tid": 399503922, "timestamp": 1739434596, "side": "SELL", "amount": "2567924", "price": "0.00009360"}, {"tid": 399503915, "timestamp": 1739434595, "side": "SELL", "amount": "2567924", "price": "0.00009360"}, {"tid": 399503912, "timestamp": 1739434594, "side": "SELL", "amount": "2569291", "price": "0.00009360"}, {"tid": 399503909, "timestamp": 1739434593, "side": "SELL", "amount": "2569291", "price": "0.00009360"}, {"tid": 399503907, "timestamp": 1739434592, "side": "SELL", "amount": "2569291", "price": "0.00009360"}, {"tid": 399503903, "timestamp": 1739434591, "side": "SELL", "amount": "2569291", "price": "0.00009360"}, {"tid": 399503902, "timestamp": 1739434590, "side": "SELL", "amount": "2568776", "price": "0.00009360"}, {"tid": 399503900, "timestamp": 1739434589, "side": "SELL", "amount": "2569601", "price": "0.00009360"}, {"tid": 399503898, "timestamp": 1739434588, "side": "SELL", "amount": "2569601", "price": "0.00009360"}, {"tid": 399503897, "timestamp": 1739434587, "side": "SELL", "amount": "2569601", "price": "0.00009360"}, {"tid": 399503896, "timestamp": 1739434586, "side": "SELL", "amount": "2569092", "price": "0.00009360"}, {"tid": 399503895, "timestamp": 1739434584, "side": "SELL", "amount": "2567943", "price": "0.00009360"}, {"tid": 399503889, "timestamp": 1739434583, "side": "SELL", "amount": "2568399", "price": "0.00009360"}, {"tid": 399503884, "timestamp": 1739434582, "side": "SELL", "amount": "2568399", "price": "0.00009360"}, {"tid": 399503882, "timestamp": 1739434581, "side": "SELL", "amount": "2568399", "price": "0.00009360"}, {"tid": 399503881, "timestamp": 1739434580, "side": "SELL", "amount": "2568399", "price": "0.00009360"}, {"tid": 399503878, "timestamp": 1739434579, "side": "SELL", "amount": "2567857", "price": "0.00009360"}, {"tid": 399503875, "timestamp": 1739434578, "side": "SELL", "amount": "2568591", "price": "0.00009360"}, {"tid": 399503872, "timestamp": 1739434577, "side": "SELL", "amount": "2570009", "price": "0.00009360"}, {"tid": 399503863, "timestamp": 1739434576, "side": "SELL", "amount": "2569455", "price": "0.00009360"}, {"tid": 399503859, "timestamp": 1739434575, "side": "SELL", "amount": "2568911", "price": "0.00009360"}, {"tid": 399503838, "timestamp": 1739434573, "side": "SELL", "amount": "2569624", "price": "0.00009360"}, {"tid": 399503833, "timestamp": 1739434572, "side": "SELL", "amount": "2569624", "price": "0.00009360"}, {"tid": 399503817, "timestamp": 1739434570, "side": "SELL", "amount": "2569624", "price": "0.00009360"}, {"tid": 399503814, "timestamp": 1739434570, "side": "SELL", "amount": "2569624", "price": "0.00009360"}, {"tid": 399503813, "timestamp": 1739434569, "side": "SELL", "amount": "2569624", "price": "0.00009360"}, {"tid": 399503810, "timestamp": 1739434568, "side": "SELL", "amount": "2568381", "price": "0.00009360"}, {"tid": 399503768, "timestamp": 1739434566, "side": "SELL", "amount": "2567030", "price": "0.00009360"}, {"tid": 399503764, "timestamp": 1739434565, "side": "SELL", "amount": "2567030", "price": "0.00009360"}, {"tid": 399503756, "timestamp": 1739434564, "side": "SELL", "amount": "2567030", "price": "0.00009360"}, {"tid": 399503751, "timestamp": 1739434563, "side": "SELL", "amount": "2567030", "price": "0.00009360"}, {"tid": 399503746, "timestamp": 1739434562, "side": "SELL", "amount": "2567030", "price": "0.00009360"}, {"tid": 399503737, "timestamp": 1739434561, "side": "SELL", "amount": "2567030", "price": "0.00009360"}, {"tid": 399503712, "timestamp": 1739434560, "side": "SELL", "amount": "2566326", "price": "0.00009360"}, {"tid": 399503692, "timestamp": 1739434560, "side": "SELL", "amount": "2565763", "price": "0.00009360"}, {"tid": 399503689, "timestamp": 1739434559, "side": "SELL", "amount": "2565272", "price": "0.00009360"}, {"tid": 399503688, "timestamp": 1739434558, "side": "SELL", "amount": "2565272", "price": "0.00009360"}, {"tid": 399503682, "timestamp": 1739434556, "side": "SELL", "amount": "2564703", "price": "0.00009360"}, {"tid": 399503664, "timestamp": 1739434555, "side": "SELL", "amount": "2564703", "price": "0.00009360"}, {"tid": 399503653, "timestamp": 1739434554, "side": "SELL", "amount": "2370596", "price": "0.00009360"}, {"tid": 399503651, "timestamp": 1739434554, "side": "SELL", "amount": "2564142", "price": "0.00009360"}, {"tid": 399503650, "timestamp": 1739434553, "side": "SELL", "amount": "2563290", "price": "0.00009360"}, {"tid": 399503649, "timestamp": 1739434552, "side": "SELL", "amount": "2563290", "price": "0.00009360"}, {"tid": 399503648, "timestamp": 1739434552, "side": "SELL", "amount": "2563290", "price": "0.00009360"}, {"tid": 399503647, "timestamp": 1739434551, "side": "SELL", "amount": "2563290", "price": "0.00009360"}, {"tid": 399503644, "timestamp": 1739434550, "side": "SELL", "amount": "2341305", "price": "0.00009360"}, {"tid": 399503613, "timestamp": 1739434539, "side": "SELL", "amount": "136990", "price": "0.00009360"}, {"tid": 399503583, "timestamp": 1739434536, "side": "SELL", "amount": "2099547", "price": "0.00009360"}, {"tid": 399503577, "timestamp": 1739434532, "side": "SELL", "amount": "2370743", "price": "0.00009360"}, {"tid": 399503558, "timestamp": 1739434529, "side": "SELL", "amount": "342476", "price": "0.00009360"}, {"tid": 399503520, "timestamp": 1739434519, "side": "SELL", "amount": "856189", "price": "0.00009360"}, {"tid": 399503498, "timestamp": 1739434514, "side": "SELL", "amount": "2370743", "price": "0.00009360"}, {"tid": 399503474, "timestamp": 1739434508, "side": "SELL", "amount": "2140473", "price": "0.00009360"}, {"tid": 399503452, "timestamp": 1739434502, "side": "SELL", "amount": "2142216", "price": "0.00009360"}, {"tid": 399500700, "timestamp": 1739433368, "side": "SELL", "amount": "2374637", "price": "0.00009350"}, {"tid": 399500612, "timestamp": 1739433328, "side": "SELL", "amount": "8552979", "price": "0.00009350"}, {"tid": 399500611, "timestamp": 1739433327, "side": "SELL", "amount": "7510491", "price": "0.00009350"}, {"tid": 399500610, "timestamp": 1739433327, "side": "SELL", "amount": "7446241", "price": "0.00009350"}, {"tid": 399500609, "timestamp": 1739433327, "side": "SELL", "amount": "7289062", "price": "0.00009350"}, {"tid": 399500605, "timestamp": 1739433324, "side": "SELL", "amount": "2374637", "price": "0.00009350"}, {"tid": 399500595, "timestamp": 1739433319, "side": "SELL", "amount": "7169480", "price": "0.00009350"}, {"tid": 399500584, "timestamp": 1739433314, "side": "SELL", "amount": "6745275", "price": "0.00009350"}, {"tid": 399500572, "timestamp": 1739433309, "side": "SELL", "amount": "8415005", "price": "0.00009350"}, {"tid": 399500571, "timestamp": 1739433309, "side": "SELL", "amount": "7191694", "price": "0.00009350"}, {"tid": 399500570, "timestamp": 1739433309, "side": "SELL", "amount": "7265716", "price": "0.00009350"}, {"tid": 399500568, "timestamp": 1739433307, "side": "SELL", "amount": "2374637", "price": "0.00009350"}, {"tid": 399485931, "timestamp": 1739427951, "side": "SELL", "amount": "3560726", "price": "0.00009500"}, {"tid": 399380697, "timestamp": 1739390401, "side": "BUY", "amount": "2595854", "price": "0.00009383"}, {"tid": 399362754, "timestamp": 1739383572, "side": "BUY", "amount": "269701", "price": "0.00009031"}, {"tid": 399301892, "timestamp": 1739367734, "side": "SELL", "amount": "4465500", "price": "0.00008556"}, {"tid": 399295355, "timestamp": 1739367115, "side": "SELL", "amount": "168444", "price": "0.00008751"}, {"tid": 399292528, "timestamp": 1739367010, "side": "SELL", "amount": "1577503", "price": "0.00008956"}, {"tid": 399263999, "timestamp": 1739354921, "side": "SELL", "amount": "552966", "price": "0.00008826"}, {"tid": 399263133, "timestamp": 1739354585, "side": "BUY", "amount": "798412", "price": "0.00008857"}], "pagination": {"page": 1, "size": 100, "count": null}}