{"data": [{"tid": 399512231, "timestamp": 1739437638, "side": "BUY", "amount": "349.41497415", "price": "0.54533"}, {"tid": 399512230, "timestamp": 1739437638, "side": "BUY", "amount": "925.68010927", "price": "0.54533"}, {"tid": 399461677, "timestamp": 1739415169, "side": "SELL", "amount": "268.15853034", "price": "0.54230"}, {"tid": 399461676, "timestamp": 1739415169, "side": "SELL", "amount": "1006.93655308", "price": "0.54230"}, {"tid": 399461675, "timestamp": 1739415169, "side": "SELL", "amount": "2463.10667346", "price": "0.54434"}, {"tid": 399427781, "timestamp": 1739407252, "side": "SELL", "amount": "2429.60700855", "price": "0.55222"}, {"tid": 399410740, "timestamp": 1739400291, "side": "BUY", "amount": "1262.26004465", "price": "0.54850"}, {"tid": 399410739, "timestamp": 1739400291, "side": "BUY", "amount": "202.09777490", "price": "0.54309"}, {"tid": 399410692, "timestamp": 1739400266, "side": "SELL", "amount": "202.09777490", "price": "0.53355"}, {"tid": 399403664, "timestamp": 1739398813, "side": "BUY", "amount": "2073.00000000", "price": "0.54666"}, {"tid": 399402753, "timestamp": 1739398588, "side": "SELL", "amount": "879.41527290", "price": "0.53859"}, {"tid": 399402752, "timestamp": 1739398588, "side": "SELL", "amount": "1262.26004465", "price": "0.53859"}, {"tid": 399399644, "timestamp": 1739397575, "side": "SELL", "amount": "232.00000000", "price": "0.53238"}, {"tid": 399399642, "timestamp": 1739397574, "side": "SELL", "amount": "187.30331481", "price": "0.54000"}, {"tid": 399393760, "timestamp": 1739395310, "side": "SELL", "amount": "1200.72248701", "price": "0.54778"}, {"tid": 399393759, "timestamp": 1739395310, "side": "SELL", "amount": "1213.70831026", "price": "0.54778"}, {"tid": 399390189, "timestamp": 1739393936, "side": "SELL", "amount": "27.75417427", "price": "0.54241"}, {"tid": 399381502, "timestamp": 1739390729, "side": "BUY", "amount": "1257.88748235", "price": "0.54107"}, {"tid": 399381501, "timestamp": 1739390729, "side": "BUY", "amount": "946.62024279", "price": "0.54107"}, {"tid": 399381499, "timestamp": 1739390729, "side": "BUY", "amount": "1407.10096806", "price": "0.54107"}, {"tid": 399377173, "timestamp": 1739389114, "side": "SELL", "amount": "134.00000000", "price": "0.54694"}, {"tid": 399374873, "timestamp": 1739388196, "side": "SELL", "amount": "1257.88748235", "price": "0.55306"}, {"tid": 399374872, "timestamp": 1739388196, "side": "SELL", "amount": "2241.47803743", "price": "0.55307"}, {"tid": 399374135, "timestamp": 1739387868, "side": "BUY", "amount": "35.71492348", "price": "0.55999"}, {"tid": 399373472, "timestamp": 1739387584, "side": "BUY", "amount": "495.00000000", "price": "0.54659"}, {"tid": 399373471, "timestamp": 1739387584, "side": "BUY", "amount": "2260.32197396", "price": "0.54649"}, {"tid": 399373408, "timestamp": 1739387554, "side": "SELL", "amount": "495.00000000", "price": "0.54098"}, {"tid": 399372810, "timestamp": 1739387369, "side": "BUY", "amount": "36.36429753", "price": "0.54999"}, {"tid": 399372761, "timestamp": 1739387352, "side": "SELL", "amount": "193.00000000", "price": "0.54976"}, {"tid": 399372681, "timestamp": 1739387319, "side": "BUY", "amount": "155.88376992", "price": "0.54990"}, {"tid": 399372680, "timestamp": 1739387319, "side": "BUY", "amount": "1108.65089113", "price": "0.54990"}, {"tid": 399372560, "timestamp": 1739387281, "side": "BUY", "amount": "131.00000000", "price": "0.54955"}, {"tid": 399372282, "timestamp": 1739387156, "side": "SELL", "amount": "146.00000000", "price": "0.54385"}, {"tid": 399371361, "timestamp": 1739386804, "side": "BUY", "amount": "700.08604609", "price": "0.54000"}, {"tid": 399371359, "timestamp": 1739386804, "side": "BUY", "amount": "37.03772292", "price": "0.53999"}, {"tid": 399367733, "timestamp": 1739385485, "side": "SELL", "amount": "135.00000000", "price": "0.53785"}, {"tid": 399362567, "timestamp": 1739383533, "side": "BUY", "amount": "37.73656107", "price": "0.52999"}, {"tid": 399362566, "timestamp": 1739383533, "side": "BUY", "amount": "973.05911369", "price": "0.52998"}, {"tid": 399355561, "timestamp": 1739381491, "side": "SELL", "amount": "957.29772000", "price": "0.52230"}, {"tid": 399355261, "timestamp": 1739381443, "side": "SELL", "amount": "794.00000000", "price": "0.52817"}, {"tid": 399354869, "timestamp": 1739381356, "side": "SELL", "amount": "129.00000000", "price": "0.52853"}, {"tid": 399353893, "timestamp": 1739381166, "side": "SELL", "amount": "132.00000000", "price": "0.52842"}, {"tid": 399350745, "timestamp": 1739380442, "side": "SELL", "amount": "1076.00000000", "price": "0.52780"}, {"tid": 399347925, "timestamp": 1739380014, "side": "SELL", "amount": "178.00000000", "price": "0.52708"}, {"tid": 399347417, "timestamp": 1739379893, "side": "SELL", "amount": "134.00000000", "price": "0.52832"}, {"tid": 399344682, "timestamp": 1739379504, "side": "SELL", "amount": "63.23972353", "price": "0.51998"}, {"tid": 399344681, "timestamp": 1739379504, "side": "SELL", "amount": "600.64746877", "price": "0.51999"}, {"tid": 399344663, "timestamp": 1739379498, "side": "SELL", "amount": "663.88719228", "price": "0.51924"}, {"tid": 399344603, "timestamp": 1739379488, "side": "BUY", "amount": "1565.26426855", "price": "0.52269"}, {"tid": 399344602, "timestamp": 1739379488, "side": "BUY", "amount": "1454.26253918", "price": "0.52269"}, {"tid": 399344601, "timestamp": 1739379488, "side": "BUY", "amount": "1181.63546655", "price": "0.52269"}, {"tid": 399344600, "timestamp": 1739379488, "side": "BUY", "amount": "1191.98239615", "price": "0.52269"}, {"tid": 399344196, "timestamp": 1739379422, "side": "BUY", "amount": "1108.24042959", "price": "0.52269"}, {"tid": 399344195, "timestamp": 1739379421, "side": "BUY", "amount": "1256.41188482", "price": "0.52266"}, {"tid": 399338915, "timestamp": 1739378000, "side": "SELL", "amount": "993.05928147", "price": "0.50349"}, {"tid": 399338914, "timestamp": 1739378000, "side": "SELL", "amount": "828.67193953", "price": "0.50350"}, {"tid": 399333288, "timestamp": 1739376292, "side": "SELL", "amount": "118.20208756", "price": "0.52131"}, {"tid": 399333287, "timestamp": 1739376292, "side": "SELL", "amount": "1138.20979726", "price": "0.52131"}, {"tid": 399333286, "timestamp": 1739376292, "side": "SELL", "amount": "347.08172100", "price": "0.52132"}, {"tid": 399333285, "timestamp": 1739376292, "side": "SELL", "amount": "1038.06268716", "price": "0.52132"}, {"tid": 399330488, "timestamp": 1739375464, "side": "SELL", "amount": "935.95784211", "price": "0.51891"}, {"tid": 399330487, "timestamp": 1739375464, "side": "SELL", "amount": "2006.40565772", "price": "0.51892"}, {"tid": 399329922, "timestamp": 1739375245, "side": "BUY", "amount": "1183.00000000", "price": "0.52127"}, {"tid": 399326315, "timestamp": 1739374282, "side": "BUY", "amount": "341.49224510", "price": "0.52642"}, {"tid": 399326314, "timestamp": 1739374282, "side": "BUY", "amount": "1652.33721400", "price": "0.52642"}, {"tid": 399326313, "timestamp": 1739374282, "side": "BUY", "amount": "1066.35476737", "price": "0.52642"}, {"tid": 399326312, "timestamp": 1739374282, "side": "BUY", "amount": "948.36942459", "price": "0.52642"}, {"tid": 399326310, "timestamp": 1739374282, "side": "BUY", "amount": "1011.80212949", "price": "0.52642"}, {"tid": 399325342, "timestamp": 1739373926, "side": "BUY", "amount": "38.46227812", "price": "0.51999"}, {"tid": 399324108, "timestamp": 1739373689, "side": "BUY", "amount": "39.21645522", "price": "0.50999"}, {"tid": 399324046, "timestamp": 1739373662, "side": "SELL", "amount": "1698.00000000", "price": "0.50944"}, {"tid": 399323254, "timestamp": 1739373379, "side": "BUY", "amount": "309.69198652", "price": "0.50081"}, {"tid": 399323253, "timestamp": 1739373378, "side": "BUY", "amount": "999.77650034", "price": "0.50081"}, {"tid": 399322548, "timestamp": 1739373096, "side": "SELL", "amount": "830.60459539", "price": "0.49172"}, {"tid": 399322547, "timestamp": 1739373096, "side": "SELL", "amount": "1016.79749461", "price": "0.49173"}, {"tid": 399322545, "timestamp": 1739373096, "side": "SELL", "amount": "1202.92836152", "price": "0.49171"}, {"tid": 399322544, "timestamp": 1739373096, "side": "SELL", "amount": "1016.77681748", "price": "0.49175"}, {"tid": 399322543, "timestamp": 1739373096, "side": "SELL", "amount": "1202.92836152", "price": "0.49171"}, {"tid": 399322542, "timestamp": 1739373096, "side": "SELL", "amount": "1016.77681748", "price": "0.49174"}, {"tid": 399322539, "timestamp": 1739373095, "side": "SELL", "amount": "740.84457373", "price": "0.49172"}, {"tid": 399322538, "timestamp": 1739373095, "side": "SELL", "amount": "462.08378779", "price": "0.49173"}, {"tid": 399322537, "timestamp": 1739373095, "side": "SELL", "amount": "1016.77681748", "price": "0.49175"}, {"tid": 399322523, "timestamp": 1739373095, "side": "SELL", "amount": "554.69302969", "price": "0.49173"}, {"tid": 399322522, "timestamp": 1739373095, "side": "SELL", "amount": "648.23533183", "price": "0.49174"}, {"tid": 399322521, "timestamp": 1739373095, "side": "SELL", "amount": "1016.77681748", "price": "0.49175"}, {"tid": 399322518, "timestamp": 1739373094, "side": "SELL", "amount": "368.54148565", "price": "0.49174"}, {"tid": 399322517, "timestamp": 1739373094, "side": "SELL", "amount": "1016.77681748", "price": "0.49175"}, {"tid": 399322516, "timestamp": 1739373094, "side": "SELL", "amount": "834.38687587", "price": "0.49176"}, {"tid": 399322513, "timestamp": 1739373094, "side": "SELL", "amount": "475.08161099", "price": "0.49176"}, {"tid": 399322512, "timestamp": 1739373094, "side": "SELL", "amount": "186.15154404", "price": "0.49173"}, {"tid": 399322511, "timestamp": 1739373094, "side": "SELL", "amount": "1016.77681748", "price": "0.49174"}, {"tid": 399322510, "timestamp": 1739373094, "side": "SELL", "amount": "1016.77681748", "price": "0.49175"}, {"tid": 399321669, "timestamp": 1739372847, "side": "BUY", "amount": "172.29123618", "price": "0.49600"}, {"tid": 399321668, "timestamp": 1739372847, "side": "BUY", "amount": "4414.09323840", "price": "0.49600"}, {"tid": 399321667, "timestamp": 1739372847, "side": "BUY", "amount": "4414.09323840", "price": "0.49600"}, {"tid": 399321666, "timestamp": 1739372847, "side": "BUY", "amount": "4414.09323840", "price": "0.49600"}, {"tid": 399321665, "timestamp": 1739372847, "side": "BUY", "amount": "4414.09323840", "price": "0.49600"}, {"tid": 399321664, "timestamp": 1739372847, "side": "BUY", "amount": "4414.09323840", "price": "0.49600"}, {"tid": 399321663, "timestamp": 1739372846, "side": "BUY", "amount": "4414.09323840", "price": "0.49600"}, {"tid": 399321662, "timestamp": 1739372846, "side": "BUY", "amount": "4225.39023908", "price": "0.49600"}], "pagination": {"page": 1, "size": 100, "count": null}}