{"data": [{"tid": 399513158, "timestamp": 1739438012, "side": "BUY", "amount": "20.4553", "price": "17.17"}, {"tid": 399513157, "timestamp": 1739438011, "side": "SELL", "amount": "37.0820", "price": "17.17"}, {"tid": 399512752, "timestamp": 1739437878, "side": "SELL", "amount": "53.6611", "price": "17.09"}, {"tid": 399512735, "timestamp": 1739437869, "side": "SELL", "amount": "63.0791", "price": "17.13"}, {"tid": 399512711, "timestamp": 1739437860, "side": "SELL", "amount": "49.7736", "price": "17.15"}, {"tid": 399512702, "timestamp": 1739437860, "side": "SELL", "amount": "50.2769", "price": "17.16"}, {"tid": 399512701, "timestamp": 1739437860, "side": "SELL", "amount": "99.7231", "price": "17.16"}, {"tid": 399512700, "timestamp": 1739437860, "side": "SELL", "amount": "57.0119", "price": "17.17"}, {"tid": 399512682, "timestamp": 1739437853, "side": "SELL", "amount": "64.3359", "price": "17.21"}, {"tid": 399512397, "timestamp": 1739437720, "side": "BUY", "amount": "9.2054", "price": "17.26"}, {"tid": 399512305, "timestamp": 1739437689, "side": "SELL", "amount": "0.4335", "price": "17.25"}, {"tid": 399512293, "timestamp": 1739437685, "side": "SELL", "amount": "42.9089", "price": "17.25"}, {"tid": 399512245, "timestamp": 1739437646, "side": "SELL", "amount": "23.5207", "price": "17.29"}, {"tid": 399512244, "timestamp": 1739437646, "side": "SELL", "amount": "24.9855", "price": "17.29"}, {"tid": 399512243, "timestamp": 1739437645, "side": "BUY", "amount": "7.4609", "price": "17.33"}, {"tid": 399512242, "timestamp": 1739437645, "side": "BUY", "amount": "37.0820", "price": "17.32"}, {"tid": 399512171, "timestamp": 1739437599, "side": "SELL", "amount": "0.4945", "price": "17.13"}, {"tid": 399512165, "timestamp": 1739437596, "side": "SELL", "amount": "48.9485", "price": "17.13"}, {"tid": 399512134, "timestamp": 1739437575, "side": "BUY", "amount": "4.1300", "price": "17.20"}, {"tid": 399512133, "timestamp": 1739437575, "side": "BUY", "amount": "23.0663", "price": "17.18"}, {"tid": 399512132, "timestamp": 1739437575, "side": "BUY", "amount": "23.0663", "price": "17.17"}, {"tid": 399512131, "timestamp": 1739437575, "side": "BUY", "amount": "24.0927", "price": "17.20"}, {"tid": 399512130, "timestamp": 1739437575, "side": "BUY", "amount": "23.0663", "price": "17.17"}, {"tid": 399512082, "timestamp": 1739437557, "side": "BUY", "amount": "25.8012", "price": "17.30"}, {"tid": 399512068, "timestamp": 1739437548, "side": "SELL", "amount": "147.6513", "price": "17.24"}, {"tid": 399512067, "timestamp": 1739437548, "side": "SELL", "amount": "22.8378", "price": "17.26"}, {"tid": 399512042, "timestamp": 1739437535, "side": "SELL", "amount": "24.7990", "price": "17.42"}, {"tid": 399512039, "timestamp": 1739437533, "side": "BUY", "amount": "46.0305", "price": "17.41"}, {"tid": 399512033, "timestamp": 1739437532, "side": "BUY", "amount": "156.1106", "price": "17.38"}, {"tid": 399512029, "timestamp": 1739437529, "side": "BUY", "amount": "17.1253", "price": "17.36"}, {"tid": 399512027, "timestamp": 1739437529, "side": "BUY", "amount": "61.5730", "price": "17.37"}, {"tid": 399512015, "timestamp": 1739437524, "side": "BUY", "amount": "6.0306", "price": "17.34"}, {"tid": 399512013, "timestamp": 1739437524, "side": "BUY", "amount": "45.7327", "price": "17.33"}, {"tid": 399512012, "timestamp": 1739437524, "side": "BUY", "amount": "154.6968", "price": "17.32"}, {"tid": 399512006, "timestamp": 1739437523, "side": "BUY", "amount": "57.8722", "price": "17.29"}, {"tid": 399511997, "timestamp": 1739437521, "side": "BUY", "amount": "157.8263", "price": "17.26"}, {"tid": 399511996, "timestamp": 1739437520, "side": "BUY", "amount": "32.0233", "price": "17.25"}, {"tid": 399511995, "timestamp": 1739437520, "side": "BUY", "amount": "18.4630", "price": "17.25"}, {"tid": 399511988, "timestamp": 1739437518, "side": "BUY", "amount": "63.3324", "price": "17.21"}, {"tid": 399511973, "timestamp": 1739437513, "side": "BUY", "amount": "20.4821", "price": "17.17"}, {"tid": 399511972, "timestamp": 1739437513, "side": "BUY", "amount": "44.4714", "price": "17.17"}, {"tid": 399511962, "timestamp": 1739437511, "side": "BUY", "amount": "64.7795", "price": "17.13"}, {"tid": 399511956, "timestamp": 1739437509, "side": "BUY", "amount": "58.9589", "price": "17.09"}, {"tid": 399511953, "timestamp": 1739437507, "side": "BUY", "amount": "54.6706", "price": "17.05"}, {"tid": 399511629, "timestamp": 1739437384, "side": "BUY", "amount": "70.9304", "price": "17.01"}, {"tid": 399511594, "timestamp": 1739437366, "side": "SELL", "amount": "67.8721", "price": "16.98"}, {"tid": 399511452, "timestamp": 1739437288, "side": "SELL", "amount": "0.4798", "price": "16.89"}, {"tid": 399511376, "timestamp": 1739437274, "side": "SELL", "amount": "47.4992", "price": "16.89"}, {"tid": 399511273, "timestamp": 1739437246, "side": "SELL", "amount": "29.5480", "price": "16.92"}, {"tid": 399511272, "timestamp": 1739437246, "side": "SELL", "amount": "0.7295", "price": "16.93"}, {"tid": 399511214, "timestamp": 1739437228, "side": "SELL", "amount": "72.2201", "price": "16.93"}, {"tid": 399510726, "timestamp": 1739437019, "side": "BUY", "amount": "68.7309", "price": "17.01"}, {"tid": 399510623, "timestamp": 1739436985, "side": "BUY", "amount": "52.2977", "price": "16.97"}, {"tid": 399510320, "timestamp": 1739436860, "side": "BUY", "amount": "44.8239", "price": "16.93"}, {"tid": 399509840, "timestamp": 1739436680, "side": "BUY", "amount": "25.9238", "price": "16.90"}, {"tid": 399509603, "timestamp": 1739436623, "side": "SELL", "amount": "0.4481", "price": "16.85"}, {"tid": 399509593, "timestamp": 1739436620, "side": "SELL", "amount": "44.3523", "price": "16.85"}, {"tid": 399509517, "timestamp": 1739436566, "side": "SELL", "amount": "142.1042", "price": "16.86"}, {"tid": 399508941, "timestamp": 1739436444, "side": "SELL", "amount": "72.4829", "price": "16.89"}, {"tid": 399508197, "timestamp": 1739436234, "side": "SELL", "amount": "29.5470", "price": "16.92"}, {"tid": 399508196, "timestamp": 1739436234, "side": "SELL", "amount": "33.4412", "price": "16.92"}, {"tid": 399507733, "timestamp": 1739436136, "side": "SELL", "amount": "0.6367", "price": "16.93"}, {"tid": 399507730, "timestamp": 1739436135, "side": "SELL", "amount": "63.0260", "price": "16.93"}, {"tid": 399507598, "timestamp": 1739436092, "side": "SELL", "amount": "37.2818", "price": "16.97"}, {"tid": 399507597, "timestamp": 1739436092, "side": "SELL", "amount": "18.9750", "price": "16.97"}, {"tid": 399507596, "timestamp": 1739436092, "side": "SELL", "amount": "0.0568", "price": "17.01"}, {"tid": 399507570, "timestamp": 1739436077, "side": "SELL", "amount": "56.0000", "price": "17.01"}, {"tid": 399507556, "timestamp": 1739436070, "side": "SELL", "amount": "100.0000", "price": "17.06"}, {"tid": 399507555, "timestamp": 1739436070, "side": "SELL", "amount": "25.5631", "price": "17.07"}, {"tid": 399507181, "timestamp": 1739435953, "side": "SELL", "amount": "48.3204", "price": "17.05"}, {"tid": 399507020, "timestamp": 1739435907, "side": "SELL", "amount": "0.5850", "price": "17.09"}, {"tid": 399507018, "timestamp": 1739435907, "side": "SELL", "amount": "57.9088", "price": "17.09"}, {"tid": 399506836, "timestamp": 1739435833, "side": "SELL", "amount": "79.0000", "price": "17.10"}, {"tid": 399506676, "timestamp": 1739435788, "side": "SELL", "amount": "79.0000", "price": "17.12"}, {"tid": 399506588, "timestamp": 1739435742, "side": "SELL", "amount": "79.0000", "price": "17.16"}, {"tid": 399506578, "timestamp": 1739435734, "side": "SELL", "amount": "79.0000", "price": "17.16"}, {"tid": 399506429, "timestamp": 1739435669, "side": "BUY", "amount": "51.3985", "price": "17.17"}, {"tid": 399506417, "timestamp": 1739435665, "side": "BUY", "amount": "8.8039", "price": "17.13"}, {"tid": 399506287, "timestamp": 1739435610, "side": "BUY", "amount": "65.5143", "price": "17.13"}, {"tid": 399506282, "timestamp": 1739435609, "side": "BUY", "amount": "41.6638", "price": "17.09"}, {"tid": 399506008, "timestamp": 1739435454, "side": "BUY", "amount": "64.3590", "price": "17.05"}, {"tid": 399505481, "timestamp": 1739435251, "side": "BUY", "amount": "7.0355", "price": "17.01"}, {"tid": 399505480, "timestamp": 1739435251, "side": "BUY", "amount": "65.2577", "price": "17.01"}, {"tid": 399505449, "timestamp": 1739435232, "side": "BUY", "amount": "50.1579", "price": "16.97"}, {"tid": 399505448, "timestamp": 1739435232, "side": "BUY", "amount": "25.4339", "price": "16.97"}, {"tid": 399504858, "timestamp": 1739434988, "side": "SELL", "amount": "25.8050", "price": "16.91"}, {"tid": 399504129, "timestamp": 1739434684, "side": "BUY", "amount": "75.1494", "price": "16.93"}, {"tid": 399503732, "timestamp": 1739434561, "side": "SELL", "amount": "59.6524", "price": "16.81"}, {"tid": 399503683, "timestamp": 1739434557, "side": "SELL", "amount": "0.4975", "price": "16.85"}, {"tid": 399503632, "timestamp": 1739434545, "side": "SELL", "amount": "49.2446", "price": "16.85"}, {"tid": 399503263, "timestamp": 1739434418, "side": "BUY", "amount": "63.0990", "price": "16.93"}, {"tid": 399503204, "timestamp": 1739434391, "side": "BUY", "amount": "4.2456", "price": "16.85"}, {"tid": 399503203, "timestamp": 1739434391, "side": "BUY", "amount": "12.8681", "price": "16.85"}, {"tid": 399503202, "timestamp": 1739434391, "side": "BUY", "amount": "9.3073", "price": "16.85"}, {"tid": 399503199, "timestamp": 1739434391, "side": "BUY", "amount": "58.7613", "price": "16.89"}, {"tid": 399503195, "timestamp": 1739434391, "side": "BUY", "amount": "82.8306", "price": "16.81"}, {"tid": 399503193, "timestamp": 1739434391, "side": "BUY", "amount": "357.6373", "price": "16.81"}, {"tid": 399503192, "timestamp": 1739434391, "side": "BUY", "amount": "130.0000", "price": "16.81"}, {"tid": 399503191, "timestamp": 1739434391, "side": "BUY", "amount": "25.8425", "price": "16.80"}, {"tid": 399503059, "timestamp": 1739434355, "side": "BUY", "amount": "11.5584", "price": "16.79"}], "pagination": {"page": 1, "size": 100, "count": null}}