{"data": [{"tid": 399508947, "timestamp": 1739436445, "side": "BUY", "amount": "235.76", "price": "1.7474"}, {"tid": 399483457, "timestamp": 1739426946, "side": "BUY", "amount": "266.76", "price": "1.7534"}, {"tid": 399477783, "timestamp": 1739423615, "side": "SELL", "amount": "100.00", "price": "1.7524"}, {"tid": 399477573, "timestamp": 1739423516, "side": "SELL", "amount": "100.00", "price": "1.7445"}, {"tid": 399476954, "timestamp": 1739423241, "side": "SELL", "amount": "100.00", "price": "1.7362"}, {"tid": 399476944, "timestamp": 1739423239, "side": "SELL", "amount": "100.00", "price": "1.7365"}, {"tid": 399476939, "timestamp": 1739423237, "side": "SELL", "amount": "100.00", "price": "1.7372"}, {"tid": 399476931, "timestamp": 1739423235, "side": "SELL", "amount": "100.00", "price": "1.7371"}, {"tid": 399476928, "timestamp": 1739423233, "side": "SELL", "amount": "100.00", "price": "1.7373"}, {"tid": 399476911, "timestamp": 1739423229, "side": "SELL", "amount": "100.00", "price": "1.7339"}, {"tid": 399476904, "timestamp": 1739423227, "side": "SELL", "amount": "100.00", "price": "1.7366"}, {"tid": 399476893, "timestamp": 1739423223, "side": "SELL", "amount": "100.00", "price": "1.7347"}, {"tid": 399476866, "timestamp": 1739423217, "side": "SELL", "amount": "100.00", "price": "1.7337"}, {"tid": 399476852, "timestamp": 1739423215, "side": "SELL", "amount": "100.00", "price": "1.7360"}, {"tid": 399476849, "timestamp": 1739423213, "side": "SELL", "amount": "100.00", "price": "1.7360"}, {"tid": 399476782, "timestamp": 1739423207, "side": "SELL", "amount": "100.00", "price": "1.7393"}, {"tid": 399476780, "timestamp": 1739423205, "side": "SELL", "amount": "100.00", "price": "1.7395"}, {"tid": 399476772, "timestamp": 1739423203, "side": "SELL", "amount": "100.00", "price": "1.7388"}, {"tid": 399476768, "timestamp": 1739423201, "side": "SELL", "amount": "100.00", "price": "1.7390"}, {"tid": 399476761, "timestamp": 1739423199, "side": "SELL", "amount": "100.00", "price": "1.7389"}, {"tid": 399476757, "timestamp": 1739423197, "side": "SELL", "amount": "100.00", "price": "1.7388"}, {"tid": 399476743, "timestamp": 1739423195, "side": "SELL", "amount": "100.00", "price": "1.7385"}, {"tid": 399476740, "timestamp": 1739423193, "side": "SELL", "amount": "100.00", "price": "1.7383"}, {"tid": 399476739, "timestamp": 1739423191, "side": "SELL", "amount": "100.00", "price": "1.7397"}, {"tid": 399476727, "timestamp": 1739423187, "side": "SELL", "amount": "100.00", "price": "1.7389"}, {"tid": 399476725, "timestamp": 1739423185, "side": "SELL", "amount": "100.00", "price": "1.7389"}, {"tid": 399476722, "timestamp": 1739423183, "side": "SELL", "amount": "100.00", "price": "1.7389"}, {"tid": 399476719, "timestamp": 1739423181, "side": "SELL", "amount": "100.00", "price": "1.7386"}, {"tid": 399476715, "timestamp": 1739423179, "side": "SELL", "amount": "100.00", "price": "1.7386"}, {"tid": 399476713, "timestamp": 1739423177, "side": "SELL", "amount": "100.00", "price": "1.7386"}, {"tid": 399476712, "timestamp": 1739423175, "side": "SELL", "amount": "100.00", "price": "1.7392"}, {"tid": 399476711, "timestamp": 1739423173, "side": "SELL", "amount": "100.00", "price": "1.7387"}, {"tid": 399476656, "timestamp": 1739423161, "side": "SELL", "amount": "100.00", "price": "1.7367"}, {"tid": 399476655, "timestamp": 1739423159, "side": "SELL", "amount": "100.00", "price": "1.7397"}, {"tid": 399476654, "timestamp": 1739423157, "side": "SELL", "amount": "100.00", "price": "1.7396"}, {"tid": 399476651, "timestamp": 1739423155, "side": "SELL", "amount": "100.00", "price": "1.7393"}, {"tid": 399476649, "timestamp": 1739423153, "side": "SELL", "amount": "100.00", "price": "1.7393"}, {"tid": 399476624, "timestamp": 1739423151, "side": "SELL", "amount": "100.00", "price": "1.7399"}, {"tid": 399476621, "timestamp": 1739423149, "side": "SELL", "amount": "100.00", "price": "1.7399"}, {"tid": 399476615, "timestamp": 1739423147, "side": "SELL", "amount": "100.00", "price": "1.7396"}, {"tid": 399476608, "timestamp": 1739423145, "side": "SELL", "amount": "100.00", "price": "1.7386"}, {"tid": 399476603, "timestamp": 1739423143, "side": "SELL", "amount": "100.00", "price": "1.7390"}, {"tid": 399476600, "timestamp": 1739423141, "side": "SELL", "amount": "100.00", "price": "1.7391"}, {"tid": 399476598, "timestamp": 1739423139, "side": "SELL", "amount": "100.00", "price": "1.7391"}, {"tid": 399476590, "timestamp": 1739423135, "side": "SELL", "amount": "100.00", "price": "1.7380"}, {"tid": 399476588, "timestamp": 1739423133, "side": "SELL", "amount": "100.00", "price": "1.7373"}, {"tid": 399476569, "timestamp": 1739423129, "side": "SELL", "amount": "100.00", "price": "1.7365"}, {"tid": 399476557, "timestamp": 1739423127, "side": "SELL", "amount": "100.00", "price": "1.7372"}, {"tid": 399476553, "timestamp": 1739423125, "side": "SELL", "amount": "100.00", "price": "1.7369"}, {"tid": 399476552, "timestamp": 1739423123, "side": "SELL", "amount": "100.00", "price": "1.7366"}, {"tid": 399476549, "timestamp": 1739423121, "side": "SELL", "amount": "100.00", "price": "1.7366"}, {"tid": 399476545, "timestamp": 1739423119, "side": "SELL", "amount": "100.00", "price": "1.7366"}, {"tid": 399476451, "timestamp": 1739423115, "side": "SELL", "amount": "100.00", "price": "1.7367"}, {"tid": 399476444, "timestamp": 1739423113, "side": "SELL", "amount": "100.00", "price": "1.7369"}, {"tid": 399476443, "timestamp": 1739423111, "side": "SELL", "amount": "100.00", "price": "1.7369"}, {"tid": 399476440, "timestamp": 1739423109, "side": "SELL", "amount": "100.00", "price": "1.7361"}, {"tid": 399476439, "timestamp": 1739423107, "side": "SELL", "amount": "100.00", "price": "1.7366"}, {"tid": 399476433, "timestamp": 1739423099, "side": "SELL", "amount": "100.00", "price": "1.7372"}, {"tid": 399476428, "timestamp": 1739423097, "side": "SELL", "amount": "100.00", "price": "1.7373"}, {"tid": 399476427, "timestamp": 1739423095, "side": "SELL", "amount": "100.00", "price": "1.7362"}, {"tid": 399476416, "timestamp": 1739423087, "side": "SELL", "amount": "100.00", "price": "1.7380"}, {"tid": 399476413, "timestamp": 1739423085, "side": "SELL", "amount": "100.00", "price": "1.7382"}, {"tid": 399476412, "timestamp": 1739423083, "side": "SELL", "amount": "100.00", "price": "1.7381"}, {"tid": 399476405, "timestamp": 1739423079, "side": "SELL", "amount": "100.00", "price": "1.7383"}, {"tid": 399476294, "timestamp": 1739423004, "side": "SELL", "amount": "100.00", "price": "1.7384"}, {"tid": 399476288, "timestamp": 1739423002, "side": "SELL", "amount": "100.00", "price": "1.7383"}, {"tid": 399476258, "timestamp": 1739422992, "side": "SELL", "amount": "100.00", "price": "1.7371"}, {"tid": 399476207, "timestamp": 1739422978, "side": "SELL", "amount": "100.00", "price": "1.7409"}, {"tid": 399476172, "timestamp": 1739422974, "side": "SELL", "amount": "100.00", "price": "1.7429"}, {"tid": 399476170, "timestamp": 1739422972, "side": "SELL", "amount": "100.00", "price": "1.7497"}, {"tid": 399476164, "timestamp": 1739422968, "side": "SELL", "amount": "100.00", "price": "1.7497"}, {"tid": 399476152, "timestamp": 1739422964, "side": "SELL", "amount": "100.00", "price": "1.7482"}, {"tid": 399476151, "timestamp": 1739422962, "side": "SELL", "amount": "100.00", "price": "1.7492"}, {"tid": 399476142, "timestamp": 1739422955, "side": "SELL", "amount": "100.00", "price": "1.7493"}, {"tid": 399476140, "timestamp": 1739422953, "side": "SELL", "amount": "100.00", "price": "1.7493"}, {"tid": 399476133, "timestamp": 1739422951, "side": "SELL", "amount": "100.00", "price": "1.7490"}, {"tid": 399476132, "timestamp": 1739422949, "side": "SELL", "amount": "100.00", "price": "1.7490"}, {"tid": 399464725, "timestamp": 1739417055, "side": "SELL", "amount": "10.37", "price": "1.7916"}, {"tid": 399459968, "timestamp": 1739413966, "side": "SELL", "amount": "185.01", "price": "1.7769"}, {"tid": 399434806, "timestamp": 1739411235, "side": "BUY", "amount": "250.00", "price": "1.8000"}, {"tid": 399433776, "timestamp": 1739410689, "side": "SELL", "amount": "12.82", "price": "1.7834"}, {"tid": 399433775, "timestamp": 1739410688, "side": "BUY", "amount": "10.87", "price": "1.7791"}, {"tid": 399433773, "timestamp": 1739410688, "side": "BUY", "amount": "130.07", "price": "1.7701"}, {"tid": 399430203, "timestamp": 1739408652, "side": "SELL", "amount": "238.21", "price": "1.7291"}, {"tid": 399421517, "timestamp": 1739404366, "side": "SELL", "amount": "132.19", "price": "1.7290"}, {"tid": 399420766, "timestamp": 1739403968, "side": "SELL", "amount": "286.65", "price": "1.7345"}, {"tid": 399420437, "timestamp": 1739403839, "side": "SELL", "amount": "265.12", "price": "1.7337"}, {"tid": 399419230, "timestamp": 1739403240, "side": "BUY", "amount": "10.88", "price": "1.7355"}, {"tid": 399418961, "timestamp": 1739403118, "side": "BUY", "amount": "10.83", "price": "1.7192"}, {"tid": 399417636, "timestamp": 1739402653, "side": "BUY", "amount": "10.83", "price": "1.6975"}, {"tid": 399417447, "timestamp": 1739402564, "side": "BUY", "amount": "27.60", "price": "1.7058"}, {"tid": 399417446, "timestamp": 1739402564, "side": "BUY", "amount": "293.33", "price": "1.7046"}, {"tid": 399417445, "timestamp": 1739402564, "side": "BUY", "amount": "132.70", "price": "1.7045"}, {"tid": 399417444, "timestamp": 1739402564, "side": "BUY", "amount": "117.47", "price": "1.7026"}, {"tid": 399414492, "timestamp": 1739401530, "side": "SELL", "amount": "10.60", "price": "1.7380"}, {"tid": 399414491, "timestamp": 1739401530, "side": "BUY", "amount": "279.48", "price": "1.7381"}, {"tid": 399413991, "timestamp": 1739401370, "side": "BUY", "amount": "279.83", "price": "1.7216"}, {"tid": 399413596, "timestamp": 1739401242, "side": "BUY", "amount": "259.03", "price": "1.7172"}, {"tid": 399411776, "timestamp": 1739400678, "side": "BUY", "amount": "132.54", "price": "1.7042"}, {"tid": 399410615, "timestamp": 1739400233, "side": "SELL", "amount": "10.60", "price": "1.7160"}], "pagination": {"page": 1, "size": 100, "count": null}}