{"data": [{"tid": 399511647, "timestamp": 1739437392, "side": "BUY", "amount": "176.670", "price": "0.3268"}, {"tid": 399496343, "timestamp": 1739431364, "side": "BUY", "amount": "224.347", "price": "0.3282"}, {"tid": 399458524, "timestamp": 1739412927, "side": "BUY", "amount": "70.360", "price": "0.3270"}, {"tid": 399436721, "timestamp": 1739412130, "side": "SELL", "amount": "70.869", "price": "0.3272"}, {"tid": 399432760, "timestamp": 1739410053, "side": "SELL", "amount": "224.347", "price": "0.3272"}, {"tid": 399411103, "timestamp": 1739400425, "side": "BUY", "amount": "231.935", "price": "0.3169"}, {"tid": 399410715, "timestamp": 1739400273, "side": "SELL", "amount": "231.935", "price": "0.3119"}, {"tid": 399408940, "timestamp": 1739399745, "side": "SELL", "amount": "647.751", "price": "0.3154"}, {"tid": 399408927, "timestamp": 1739399740, "side": "BUY", "amount": "435.979", "price": "0.3089"}, {"tid": 399408926, "timestamp": 1739399739, "side": "BUY", "amount": "1777.252", "price": "0.3089"}, {"tid": 399408925, "timestamp": 1739399739, "side": "BUY", "amount": "475.767", "price": "0.3089"}, {"tid": 399403268, "timestamp": 1739398773, "side": "SELL", "amount": "263.997", "price": "0.2952"}, {"tid": 399403267, "timestamp": 1739398772, "side": "SELL", "amount": "688.456", "price": "0.2952"}, {"tid": 399403257, "timestamp": 1739398771, "side": "BUY", "amount": "532.894", "price": "0.2964"}, {"tid": 399403256, "timestamp": 1739398771, "side": "BUY", "amount": "848.200", "price": "0.2964"}, {"tid": 399392590, "timestamp": 1739394840, "side": "SELL", "amount": "824.190", "price": "0.2821"}, {"tid": 399392428, "timestamp": 1739394787, "side": "BUY", "amount": "776.113", "price": "0.2729"}, {"tid": 399392427, "timestamp": 1739394787, "side": "BUY", "amount": "741.248", "price": "0.2729"}, {"tid": 399351137, "timestamp": 1739380534, "side": "SELL", "amount": "2126.969", "price": "0.2585"}, {"tid": 399351136, "timestamp": 1739380534, "side": "SELL", "amount": "602.481", "price": "0.2585"}, {"tid": 399289986, "timestamp": 1739366553, "side": "BUY", "amount": "270.882", "price": "0.2674"}, {"tid": 399272745, "timestamp": 1739358368, "side": "SELL", "amount": "771.694", "price": "0.2603"}, {"tid": 399272744, "timestamp": 1739358367, "side": "SELL", "amount": "270.882", "price": "0.2604"}], "pagination": {"page": 1, "size": 100, "count": null}}