{"data": [{"tid": 399510571, "timestamp": 1739436965, "side": "SELL", "amount": "1156.0200", "price": "3.349"}, {"tid": 399510570, "timestamp": 1739436965, "side": "SELL", "amount": "606.1784", "price": "3.350"}, {"tid": 399510569, "timestamp": 1739436965, "side": "SELL", "amount": "213.0600", "price": "3.350"}, {"tid": 399510568, "timestamp": 1739436965, "side": "SELL", "amount": "1078.6335", "price": "3.350"}, {"tid": 399510567, "timestamp": 1739436965, "side": "SELL", "amount": "175.8500", "price": "3.350"}, {"tid": 399510406, "timestamp": 1739436880, "side": "SELL", "amount": "85.1003", "price": "3.357"}, {"tid": 399510403, "timestamp": 1739436876, "side": "SELL", "amount": "85.0767", "price": "3.357"}, {"tid": 399510397, "timestamp": 1739436875, "side": "SELL", "amount": "85.0741", "price": "3.357"}, {"tid": 399510393, "timestamp": 1739436874, "side": "BUY", "amount": "85.1003", "price": "3.358"}, {"tid": 399510392, "timestamp": 1739436874, "side": "BUY", "amount": "296.9372", "price": "3.357"}, {"tid": 399510391, "timestamp": 1739436874, "side": "BUY", "amount": "260.3730", "price": "3.357"}, {"tid": 399510387, "timestamp": 1739436873, "side": "SELL", "amount": "472.7872", "price": "3.357"}, {"tid": 399510386, "timestamp": 1739436873, "side": "SELL", "amount": "175.2727", "price": "3.357"}, {"tid": 399510385, "timestamp": 1739436873, "side": "SELL", "amount": "175.8500", "price": "3.358"}, {"tid": 399510380, "timestamp": 1739436873, "side": "SELL", "amount": "351.1227", "price": "3.357"}, {"tid": 399510374, "timestamp": 1739436873, "side": "SELL", "amount": "79.4509", "price": "3.357"}, {"tid": 399510373, "timestamp": 1739436873, "side": "SELL", "amount": "5.6494", "price": "3.357"}, {"tid": 399510366, "timestamp": 1739436871, "side": "SELL", "amount": "85.1003", "price": "3.357"}, {"tid": 399510363, "timestamp": 1739436870, "side": "SELL", "amount": "85.1003", "price": "3.357"}, {"tid": 399510361, "timestamp": 1739436870, "side": "SELL", "amount": "85.1003", "price": "3.356"}, {"tid": 399510359, "timestamp": 1739436870, "side": "BUY", "amount": "85.1001", "price": "3.357"}, {"tid": 399510357, "timestamp": 1739436869, "side": "SELL", "amount": "85.1003", "price": "3.356"}, {"tid": 399510354, "timestamp": 1739436869, "side": "SELL", "amount": "0.0002", "price": "3.357"}, {"tid": 399510352, "timestamp": 1739436869, "side": "SELL", "amount": "90.7496", "price": "3.357"}, {"tid": 399510351, "timestamp": 1739436869, "side": "SELL", "amount": "0.0001", "price": "3.358"}, {"tid": 399510349, "timestamp": 1739436869, "side": "SELL", "amount": "175.8499", "price": "3.358"}, {"tid": 399510346, "timestamp": 1739436868, "side": "SELL", "amount": "85.1003", "price": "3.357"}, {"tid": 399510343, "timestamp": 1739436868, "side": "SELL", "amount": "37.1399", "price": "3.357"}, {"tid": 399510342, "timestamp": 1739436868, "side": "SELL", "amount": "175.8500", "price": "3.358"}, {"tid": 399510328, "timestamp": 1739436861, "side": "SELL", "amount": "85.1003", "price": "3.356"}, {"tid": 399510315, "timestamp": 1739436860, "side": "SELL", "amount": "85.1003", "price": "3.356"}, {"tid": 399509020, "timestamp": 1739436483, "side": "SELL", "amount": "7.0000", "price": "3.350"}, {"tid": 399508347, "timestamp": 1739436271, "side": "SELL", "amount": "175.8498", "price": "3.365"}, {"tid": 399508346, "timestamp": 1739436271, "side": "SELL", "amount": "130.3829", "price": "3.365"}, {"tid": 399508344, "timestamp": 1739436270, "side": "SELL", "amount": "84.8571", "price": "3.365"}, {"tid": 399505826, "timestamp": 1739435399, "side": "SELL", "amount": "60.0725", "price": "3.384"}, {"tid": 399504678, "timestamp": 1739434901, "side": "SELL", "amount": "674.1500", "price": "3.367"}, {"tid": 399504677, "timestamp": 1739434901, "side": "SELL", "amount": "175.8500", "price": "3.368"}, {"tid": 399504676, "timestamp": 1739434900, "side": "SELL", "amount": "175.8500", "price": "3.369"}, {"tid": 399503509, "timestamp": 1739434518, "side": "SELL", "amount": "752.4271", "price": "3.373"}, {"tid": 399499505, "timestamp": 1739432752, "side": "BUY", "amount": "106.0733", "price": "3.411"}, {"tid": 399499462, "timestamp": 1739432735, "side": "SELL", "amount": "20.0000", "price": "3.410"}, {"tid": 399499337, "timestamp": 1739432678, "side": "BUY", "amount": "107.5180", "price": "3.413"}, {"tid": 399498858, "timestamp": 1739432407, "side": "SELL", "amount": "4.0000", "price": "3.409"}, {"tid": 399497886, "timestamp": 1739431994, "side": "SELL", "amount": "10.0000", "price": "3.412"}, {"tid": 399495999, "timestamp": 1739431224, "side": "SELL", "amount": "151.4032", "price": "3.403"}, {"tid": 399495998, "timestamp": 1739431224, "side": "SELL", "amount": "146.1439", "price": "3.403"}, {"tid": 399495997, "timestamp": 1739431224, "side": "SELL", "amount": "156.7682", "price": "3.403"}, {"tid": 399495996, "timestamp": 1739431224, "side": "SELL", "amount": "157.0079", "price": "3.403"}, {"tid": 399495956, "timestamp": 1739431209, "side": "SELL", "amount": "145.8416", "price": "3.404"}, {"tid": 399495955, "timestamp": 1739431209, "side": "SELL", "amount": "156.4483", "price": "3.404"}, {"tid": 399495954, "timestamp": 1739431209, "side": "SELL", "amount": "157.2724", "price": "3.404"}, {"tid": 399495953, "timestamp": 1739431209, "side": "SELL", "amount": "146.6161", "price": "3.404"}, {"tid": 399493305, "timestamp": 1739430340, "side": "SELL", "amount": "136.3783", "price": "3.409"}, {"tid": 399493303, "timestamp": 1739430340, "side": "SELL", "amount": "161.6666", "price": "3.409"}, {"tid": 399493302, "timestamp": 1739430340, "side": "SELL", "amount": "155.2295", "price": "3.409"}, {"tid": 399493301, "timestamp": 1739430340, "side": "SELL", "amount": "152.9040", "price": "3.409"}, {"tid": 399492956, "timestamp": 1739430235, "side": "SELL", "amount": "6.6452", "price": "3.404"}, {"tid": 399492955, "timestamp": 1739430235, "side": "SELL", "amount": "155.6272", "price": "3.404"}, {"tid": 399492953, "timestamp": 1739430235, "side": "SELL", "amount": "155.6272", "price": "3.404"}, {"tid": 399492952, "timestamp": 1739430235, "side": "SELL", "amount": "144.1394", "price": "3.404"}, {"tid": 399492951, "timestamp": 1739430235, "side": "SELL", "amount": "144.1394", "price": "3.404"}, {"tid": 399492616, "timestamp": 1739430120, "side": "SELL", "amount": "143.9931", "price": "3.386"}, {"tid": 399492615, "timestamp": 1739430120, "side": "SELL", "amount": "143.9931", "price": "3.386"}, {"tid": 399492614, "timestamp": 1739430120, "side": "SELL", "amount": "143.7088", "price": "3.386"}, {"tid": 399491940, "timestamp": 1739429940, "side": "SELL", "amount": "85.2583", "price": "3.398"}, {"tid": 399491939, "timestamp": 1739429940, "side": "SELL", "amount": "226.2262", "price": "3.398"}, {"tid": 399491938, "timestamp": 1739429940, "side": "SELL", "amount": "150.1827", "price": "3.398"}, {"tid": 399491936, "timestamp": 1739429939, "side": "SELL", "amount": "144.5112", "price": "3.398"}, {"tid": 399491895, "timestamp": 1739429926, "side": "BUY", "amount": "1187.4971", "price": "3.408"}, {"tid": 399491894, "timestamp": 1739429926, "side": "BUY", "amount": "1129.7196", "price": "3.407"}, {"tid": 399491893, "timestamp": 1739429926, "side": "BUY", "amount": "844.3525", "price": "3.407"}, {"tid": 399491892, "timestamp": 1739429926, "side": "BUY", "amount": "59.0683", "price": "3.406"}, {"tid": 399491891, "timestamp": 1739429926, "side": "BUY", "amount": "563.2826", "price": "3.405"}, {"tid": 399491890, "timestamp": 1739429926, "side": "BUY", "amount": "1127.9847", "price": "3.405"}, {"tid": 399491889, "timestamp": 1739429926, "side": "BUY", "amount": "2235.2900", "price": "3.404"}, {"tid": 399491888, "timestamp": 1739429926, "side": "BUY", "amount": "227.4900", "price": "3.401"}, {"tid": 399491887, "timestamp": 1739429926, "side": "BUY", "amount": "281.9654", "price": "3.401"}, {"tid": 399491886, "timestamp": 1739429926, "side": "BUY", "amount": "140.9898", "price": "3.400"}, {"tid": 399491885, "timestamp": 1739429926, "side": "BUY", "amount": "172.3600", "price": "3.399"}, {"tid": 399491276, "timestamp": 1739429675, "side": "SELL", "amount": "29.7070", "price": "3.396"}, {"tid": 399491275, "timestamp": 1739429675, "side": "SELL", "amount": "146.0744", "price": "3.396"}, {"tid": 399491273, "timestamp": 1739429675, "side": "SELL", "amount": "144.5521", "price": "3.396"}, {"tid": 399491271, "timestamp": 1739429675, "side": "SELL", "amount": "142.8353", "price": "3.396"}, {"tid": 399491269, "timestamp": 1739429675, "side": "SELL", "amount": "143.0096", "price": "3.396"}, {"tid": 399490931, "timestamp": 1739429552, "side": "SELL", "amount": "127.1378", "price": "3.393"}, {"tid": 399490930, "timestamp": 1739429552, "side": "SELL", "amount": "229.9926", "price": "3.393"}, {"tid": 399490929, "timestamp": 1739429552, "side": "SELL", "amount": "249.0480", "price": "3.393"}, {"tid": 399490928, "timestamp": 1739429552, "side": "SELL", "amount": "111.0360", "price": "3.393"}, {"tid": 399490926, "timestamp": 1739429551, "side": "SELL", "amount": "153.6777", "price": "3.393"}, {"tid": 399490925, "timestamp": 1739429551, "side": "SELL", "amount": "162.3422", "price": "3.393"}, {"tid": 399490924, "timestamp": 1739429551, "side": "SELL", "amount": "179.1225", "price": "3.393"}, {"tid": 399490858, "timestamp": 1739429528, "side": "SELL", "amount": "52.7356", "price": "3.395"}, {"tid": 399490857, "timestamp": 1739429528, "side": "SELL", "amount": "358.3532", "price": "3.395"}, {"tid": 399490856, "timestamp": 1739429528, "side": "SELL", "amount": "352.7067", "price": "3.395"}, {"tid": 399490855, "timestamp": 1739429528, "side": "SELL", "amount": "358.3532", "price": "3.395"}, {"tid": 399490854, "timestamp": 1739429528, "side": "SELL", "amount": "355.1486", "price": "3.395"}, {"tid": 399490853, "timestamp": 1739429528, "side": "SELL", "amount": "74.9302", "price": "3.395"}, {"tid": 399490852, "timestamp": 1739429528, "side": "SELL", "amount": "265.6241", "price": "3.395"}, {"tid": 399490851, "timestamp": 1739429528, "side": "SELL", "amount": "265.6241", "price": "3.395"}], "pagination": {"page": 1, "size": 100, "count": null}}