{"data": [{"tid": 399512403, "timestamp": 1739437727, "side": "BUY", "amount": "28.10128748", "price": "0.52583"}, {"tid": 399507481, "timestamp": 1739436042, "side": "SELL", "amount": "808.98159331", "price": "0.51456"}, {"tid": 399505461, "timestamp": 1739435235, "side": "SELL", "amount": "100.00000000", "price": "0.51495"}, {"tid": 399502054, "timestamp": 1739433963, "side": "BUY", "amount": "1171.84344903", "price": "0.51750"}, {"tid": 399501699, "timestamp": 1739433833, "side": "BUY", "amount": "46.85004382", "price": "0.51757"}, {"tid": 399501698, "timestamp": 1739433833, "side": "BUY", "amount": "20.77406063", "price": "0.51756"}, {"tid": 399501203, "timestamp": 1739433620, "side": "SELL", "amount": "200.00000000", "price": "0.51021"}, {"tid": 399495735, "timestamp": 1739431121, "side": "BUY", "amount": "96.14275275", "price": "0.52006"}, {"tid": 399493424, "timestamp": 1739430383, "side": "SELL", "amount": "265.00000000", "price": "0.50939"}, {"tid": 399492943, "timestamp": 1739430232, "side": "SELL", "amount": "20.77406063", "price": "0.50807"}, {"tid": 399488622, "timestamp": 1739428946, "side": "BUY", "amount": "19.02977185", "price": "0.52029"}, {"tid": 399488260, "timestamp": 1739428786, "side": "BUY", "amount": "38.29803532", "price": "0.52067"}, {"tid": 399487534, "timestamp": 1739428563, "side": "SELL", "amount": "36.08440028", "price": "0.51466"}, {"tid": 399487533, "timestamp": 1739428562, "side": "SELL", "amount": "72.16880055", "price": "0.51466"}, {"tid": 399487532, "timestamp": 1739428562, "side": "SELL", "amount": "144.33760110", "price": "0.51466"}, {"tid": 399486478, "timestamp": 1739428166, "side": "BUY", "amount": "80.97033863", "price": "0.52126"}, {"tid": 399486477, "timestamp": 1739428166, "side": "BUY", "amount": "919.02966137", "price": "0.52125"}, {"tid": 399486324, "timestamp": 1739428091, "side": "SELL", "amount": "957.15440700", "price": "0.51764"}, {"tid": 399484543, "timestamp": 1739427403, "side": "BUY", "amount": "190.69412662", "price": "0.52440"}, {"tid": 399482290, "timestamp": 1739426344, "side": "BUY", "amount": "112.52009782", "price": "0.52515"}, {"tid": 399482289, "timestamp": 1739426344, "side": "BUY", "amount": "63.58339230", "price": "0.52514"}, {"tid": 399479985, "timestamp": 1739424914, "side": "SELL", "amount": "630.94210651", "price": "0.52381"}, {"tid": 399479984, "timestamp": 1739424914, "side": "SELL", "amount": "1349.58846592", "price": "0.52382"}, {"tid": 399479758, "timestamp": 1739424771, "side": "BUY", "amount": "18.64033436", "price": "0.53116"}, {"tid": 399478877, "timestamp": 1739424240, "side": "BUY", "amount": "896.54830433", "price": "0.53309"}, {"tid": 399478876, "timestamp": 1739424240, "side": "BUY", "amount": "899.89937567", "price": "0.53242"}, {"tid": 399472043, "timestamp": 1739420932, "side": "BUY", "amount": "1004.89394943", "price": "0.52530"}, {"tid": 399471872, "timestamp": 1739420863, "side": "BUY", "amount": "501.44229635", "price": "0.52467"}, {"tid": 399431040, "timestamp": 1739409227, "side": "SELL", "amount": "63.58339230", "price": "0.52528"}, {"tid": 399429790, "timestamp": 1739408424, "side": "BUY", "amount": "28.01562265", "price": "0.53256"}, {"tid": 399421788, "timestamp": 1739404515, "side": "BUY", "amount": "37.24715594", "price": "0.53500"}, {"tid": 399421787, "timestamp": 1739404515, "side": "BUY", "amount": "211.47000000", "price": "0.53466"}, {"tid": 399421786, "timestamp": 1739404515, "side": "BUY", "amount": "1024.64766608", "price": "0.53457"}, {"tid": 399420277, "timestamp": 1739403750, "side": "BUY", "amount": "18.15742561", "price": "0.53449"}, {"tid": 399420251, "timestamp": 1739403740, "side": "SELL", "amount": "9.65176435", "price": "0.52770"}, {"tid": 399420170, "timestamp": 1739403697, "side": "BUY", "amount": "361.12895682", "price": "0.53454"}, {"tid": 399419748, "timestamp": 1739403453, "side": "BUY", "amount": "31.55321964", "price": "0.53452"}, {"tid": 399418891, "timestamp": 1739403105, "side": "SELL", "amount": "262.34742573", "price": "0.52113"}, {"tid": 399412882, "timestamp": 1739401070, "side": "BUY", "amount": "18.44169459", "price": "0.53417"}, {"tid": 399407112, "timestamp": 1739399451, "side": "BUY", "amount": "594.89030292", "price": "0.53085"}, {"tid": 399407111, "timestamp": 1739399451, "side": "BUY", "amount": "906.79676175", "price": "0.53084"}, {"tid": 399407110, "timestamp": 1739399451, "side": "BUY", "amount": "906.83092764", "price": "0.53083"}, {"tid": 399407109, "timestamp": 1739399451, "side": "BUY", "amount": "816.68552146", "price": "0.53083"}, {"tid": 399407108, "timestamp": 1739399451, "side": "BUY", "amount": "906.83092764", "price": "0.53082"}, {"tid": 399402978, "timestamp": 1739398667, "side": "BUY", "amount": "407.79375559", "price": "0.52399"}, {"tid": 399401435, "timestamp": 1739398170, "side": "SELL", "amount": "8439.41898702", "price": "0.51342"}, {"tid": 399401434, "timestamp": 1739398170, "side": "SELL", "amount": "4668.93997298", "price": "0.51556"}, {"tid": 399401433, "timestamp": 1739398170, "side": "SELL", "amount": "1224.47927705", "price": "0.51557"}, {"tid": 399401432, "timestamp": 1739398170, "side": "SELL", "amount": "2790.58268683", "price": "0.51748"}, {"tid": 399401431, "timestamp": 1739398170, "side": "SELL", "amount": "930.23017848", "price": "0.51749"}, {"tid": 399401430, "timestamp": 1739398170, "side": "SELL", "amount": "930.23017848", "price": "0.51750"}, {"tid": 399401429, "timestamp": 1739398170, "side": "SELL", "amount": "930.19422894", "price": "0.51751"}, {"tid": 399401428, "timestamp": 1739398170, "side": "SELL", "amount": "1294.21279934", "price": "0.51751"}, {"tid": 399401427, "timestamp": 1739398170, "side": "SELL", "amount": "930.19422894", "price": "0.51752"}, {"tid": 399397776, "timestamp": 1739396823, "side": "BUY", "amount": "111.09739676", "price": "0.53472"}, {"tid": 399396452, "timestamp": 1739396415, "side": "BUY", "amount": "1264.02581309", "price": "0.53000"}, {"tid": 399396451, "timestamp": 1739396415, "side": "BUY", "amount": "739.91884688", "price": "0.52995"}, {"tid": 399394922, "timestamp": 1739395864, "side": "BUY", "amount": "20.76637775", "price": "0.53304"}, {"tid": 399394886, "timestamp": 1739395845, "side": "BUY", "amount": "1178.44248458", "price": "0.52679"}, {"tid": 399394885, "timestamp": 1739395845, "side": "BUY", "amount": "106.97157856", "price": "0.52674"}, {"tid": 399394884, "timestamp": 1739395845, "side": "BUY", "amount": "1057.64863400", "price": "0.52674"}, {"tid": 399394130, "timestamp": 1739395492, "side": "BUY", "amount": "35.25559744", "price": "0.52886"}, {"tid": 399394129, "timestamp": 1739395492, "side": "BUY", "amount": "910.19140538", "price": "0.52885"}, {"tid": 399393693, "timestamp": 1739395290, "side": "SELL", "amount": "45.91569004", "price": "0.52431"}, {"tid": 399391504, "timestamp": 1739394379, "side": "SELL", "amount": "818.36057272", "price": "0.52105"}, {"tid": 399391503, "timestamp": 1739394379, "side": "SELL", "amount": "1415.84928382", "price": "0.52133"}, {"tid": 399391502, "timestamp": 1739394379, "side": "SELL", "amount": "923.22503926", "price": "0.52139"}, {"tid": 399390187, "timestamp": 1739393936, "side": "BUY", "amount": "19.23076923", "price": "0.52000"}, {"tid": 399389981, "timestamp": 1739393852, "side": "SELL", "amount": "1199.87581000", "price": "0.51804"}, {"tid": 399385795, "timestamp": 1739392067, "side": "BUY", "amount": "662.00000000", "price": "0.52520"}, {"tid": 399382148, "timestamp": 1739391007, "side": "BUY", "amount": "675.93732133", "price": "0.52558"}, {"tid": 399381942, "timestamp": 1739390904, "side": "BUY", "amount": "1653.05964062", "price": "0.52400"}, {"tid": 399381890, "timestamp": 1739390885, "side": "BUY", "amount": "348.36492513", "price": "0.52442"}, {"tid": 399381889, "timestamp": 1739390885, "side": "BUY", "amount": "122.75973299", "price": "0.52443"}, {"tid": 399381888, "timestamp": 1739390885, "side": "BUY", "amount": "665.22154437", "price": "0.52443"}, {"tid": 399381887, "timestamp": 1739390885, "side": "BUY", "amount": "281.99603016", "price": "0.52443"}, {"tid": 399381886, "timestamp": 1739390885, "side": "BUY", "amount": "999.36869095", "price": "0.52443"}, {"tid": 399380989, "timestamp": 1739390506, "side": "BUY", "amount": "63.58339230", "price": "0.52289"}, {"tid": 399379947, "timestamp": 1739390135, "side": "SELL", "amount": "78.57853042", "price": "0.51806"}, {"tid": 399378321, "timestamp": 1739389565, "side": "SELL", "amount": "279.40104777", "price": "0.52285"}, {"tid": 399378320, "timestamp": 1739389565, "side": "SELL", "amount": "1031.08749760", "price": "0.52286"}, {"tid": 399377649, "timestamp": 1739389274, "side": "SELL", "amount": "156.78650381", "price": "0.52270"}, {"tid": 399376694, "timestamp": 1739388936, "side": "SELL", "amount": "99.09134587", "price": "0.52116"}, {"tid": 399376515, "timestamp": 1739388848, "side": "BUY", "amount": "200.00000000", "price": "0.52500"}, {"tid": 399376514, "timestamp": 1739388848, "side": "BUY", "amount": "395.40367474", "price": "0.52499"}, {"tid": 399376513, "timestamp": 1739388848, "side": "BUY", "amount": "962.47327943", "price": "0.52499"}, {"tid": 399376002, "timestamp": 1739388651, "side": "SELL", "amount": "1204.82969479", "price": "0.52567"}, {"tid": 399376001, "timestamp": 1739388651, "side": "SELL", "amount": "10.17394467", "price": "0.52569"}, {"tid": 399376000, "timestamp": 1739388651, "side": "SELL", "amount": "1415.57223441", "price": "0.52569"}, {"tid": 399375102, "timestamp": 1739388289, "side": "SELL", "amount": "112.99989090", "price": "0.52785"}, {"tid": 399375015, "timestamp": 1739388246, "side": "BUY", "amount": "68.62576630", "price": "0.53830"}, {"tid": 399374874, "timestamp": 1739388196, "side": "SELL", "amount": "1148.09819988", "price": "0.53226"}, {"tid": 399374743, "timestamp": 1739388148, "side": "BUY", "amount": "91.21465212", "price": "0.53999"}, {"tid": 399374148, "timestamp": 1739387869, "side": "BUY", "amount": "564.20654865", "price": "0.54000"}, {"tid": 399374147, "timestamp": 1739387869, "side": "BUY", "amount": "900.06534375", "price": "0.54000"}, {"tid": 399374146, "timestamp": 1739387869, "side": "BUY", "amount": "900.06534375", "price": "0.54000"}, {"tid": 399374145, "timestamp": 1739387868, "side": "BUY", "amount": "900.06534375", "price": "0.54000"}, {"tid": 399374144, "timestamp": 1739387868, "side": "BUY", "amount": "900.06534375", "price": "0.54000"}, {"tid": 399374143, "timestamp": 1739387868, "side": "BUY", "amount": "1588.24574376", "price": "0.54000"}, {"tid": 399374142, "timestamp": 1739387868, "side": "BUY", "amount": "1583.37079987", "price": "0.54000"}], "pagination": {"page": 1, "size": 100, "count": null}}